3418 5392
340 358 342 362 ’
376 360 417 428 18
891 379 1050 430 unsaros.
1175 449 1179 454 .

373 543 487 606 iners
515 543 722 607 contrarium.
792 541 841 624 (4)
871 544 956 609 Nam
982 542 1136 622 „sollers”
1162 545 1254 629 quasi
1277 541 1348 618 aava
1373 544 1484 623 ἀρετῆς
1509 543 1575 609 dic·

373 651 436 725 tus,
461 652 499 710 ut
522 643 590 711 duco
608 630 735 725 solum,
761 647 854 724 ἥμισυ
879 650 987 727 semia,
1013 645 1047 726 ἕξ
1070 671 1125 714 sex
1149 648 1298 714 dicimus.

417 751 466 815 lP
491 755 524 816 in
547 752 596 832 (4)
619 755 738 838 partim
762 751 925 820 Donatum
951 762 1081 821 secutus
1104 762 1169 833 ost,
1194 758 1314 840 partim
1337 755 1477 820 reddidit
1502 755 1571 820 doc-

373 860 492 923 trinam
522 857 745 924 scholasticam
765 859 803 924 de
826 859 937 926 littera
961 882 976 926 s
1000 882 1056 947 pro
1081 860 1277 928 Graecorum
1300 863 1494 945 aspiratione
1517 882 1571 945 po-

374 966 445 1043 sita,
467 967 534 1029 iam
557 985 575 1029 a
598 963 690 1030 Verri
713 964 819 1032 Flacci
842 973 946 1032 aetate
969 966 1156 1053 vulgatam3
1182 967 1221 1031 cf.
1246 965 1309 1032 loci
1327 969 1361 1030 in
1381 987 1454 1052 app.
1469 965 1571 1032 Wess·

373 1073 458 1137 neri:
490 1071 604 1136 Festus
635 1071 712 1137 293.
737 1071 814 1138 298.
840 1072 906 1138 348
928 1093 975 1158 sq.
1015 1074 1117 1139 Prisc.
1147 1072 1179 1138 Il
1204 1071 1257 1139 32.
1289 1071 1336 1137 lIl
1365 1072 1416 1149 16,
1451 1073 1567 1158 quibua

373 1175 453 1242 locis
485 1177 595 1243 eadem
619 1177 764 1264 exempla
789 1179 893 1258 ἥμισυ,
917 1177 952 1256 ἕξ
974 1180 1180 1274 proferuntur
1203 1181 1237 1243 in
1260 1178 1460 1266 etymologia
1484 1181 1569 1245 vocis

373 1281 484 1348 sollers
508 1282 709 1370 aliorumque
730 1283 900 1350 similium.

418 1387 462 1454 IV
494 1387 582 1454 2.14
605 1389 655 1470 (3)
698 1387 866 1467 „Timida”
902 1391 1038 1454 timens:
1074 1388 1163 1454 aliud
1197 1388 1342 1454 naturale
1377 1394 1443 1466 est,
1481 1387 1568 1452 alind

373 1500 505 1559 eventus
536 1502 601 1573 est,
632 1500 670 1560 nt
700 1494 795 1582 Verg.
821 1495 871 1576 (a.
897 1494 940 1561 VI
964 1495 1021 1575 20)
1047 1496 1157 1573 „addit
1180 1516 1214 1560 se
1238 1496 1357 1561 sociam
1381 1494 1569 1580 timidisque
1696 1467 1697 1526 3

374 1602 559 1686 supervenit
584 1599 703 1688 Aegle”
730 1606 805 1666 cett.
820 1599 846 1678 ¹)
915 1601 1047 1666 Phorm.
1072 1601 1088 1665 l
1111 1601 1142 1666 4.
1156 1599 1198 1667 27
1212 1600 1262 1681 (2)
1287 1599 1485 1678 „timidum”
1510 1620 1566 1684 pro
1696 1607 1697 1620 ¹

373 1707 552 1784 timentem,
578 1712 615 1771 ut
640 1706 749 1783 „addit
774 1727 808 1772 se
831 1705 880 1771 s.’'
905 1711 979 1771 cett.
1060 1706 1139 1772 Hec.
1164 1705 1210 1771 III
1235 1704 1361 1786 3.5(2)
1388 1703 1565 1783 „timidus”
1696 1705 1697 1742 ἑ

372 1833 429 1898 pro
451 1815 586 1890 timens,
611 1835 728 1878 nomen
750 1812 819 1878 loco
843 1813 1017 1898 participii.

416 1919 527 1985 Primo
556 1920 673 1984 obtutu
698 1911 979 1984 etiam'acholium
1003 1917 1087 1983 Elun.
1112 1917 1227 2003 aliquis
1251 1917 1375 1982 Donate
1400 1917 1567 1994 tribuerit,

373 2024 427 2090 sed
447 2046 521 2089 cum
541 2024 708 2111 praecedat
727 2023 889 2089 aliaillius
902 2022 1089 2109 explicatio:
1111 2023 1160 2103 (2)
1175 2022 1333 2100 „timida”
1347 2022 1443 2087 modo
1455 2041 1566 2106 aegra,

271 2115 274 2119 ’
372 2136 447 2195 cett.
480 2138 567 2211 (cum
600 2153 648 2196 ax.
673 2129 805 2210 Plana),
838 2129 1086 2214 deprehenditur
1109 2128 1170 2206 ΙΡ,
1196 2149 1258 2213 quo
1283 2135 1446 2214 praeterea
1470 2127 1567 2213 digna

373 2241 421 2300 ost
443 2235 612 2300 antithesis
635 2235 863 2320 philosophans
886 2236 925 2300 de
949 2234 1131 2313 „naturali”
1157 2239 1190 2303 et
1215 2234 1389 2318 „eventu'’.

418 2340 462 2405 IV
483 2339 512 2405 3.
528 2339 607 2420 6(2)
629 2339 842 2427 „Unguibus”
864 2342 980 2425 quibus
999 2347 1143 2406 armatur
1154 2340 1206 2405 hic
1219 2361 1324 2406 sexus.
1382 2338 1427 2405 IV
1440 2338 1471 2404 6.
1486 2338 1505 2403 2
1518 2337 1566 2418 (2)

370 2439 490 2525 „Oculi
519 2445 593 2511 ilico
616 2446 824 2512 effodientnr''
849 2452 882 2511 et
904 2447 1060 2512 femineae
1082 2448 1188 2534 minae
1211 2452 1286 2511 sunt
1310 2451 1343 2511 et
1365 2447 1399 2510 in
1422 2444 1568 2512 libidino-

373 2573 423 2617 sos
443 2573 541 2636 quam
562 2555 718 2630 maxime;
739 2573 815 2618 nam
833 2553 920 2618 hunc
940 2558 1117 2618 amatorem
1137 2554 1318 2636 suspicatur
1338 2573 1406 2618 esse
1421 2552 1565 2638 virginis.

373 2656 425 2722 Sic
457 2664 489 2722 et
517 2657 611 2723 alibi:
650 2664 708 2736 „ut
739 2680 798 2744 ego
829 2657 900 2722 illi''
932 2664 1006 2724 cett.
1040 2657 1096 2735 (IV
1128 2656 1158 2721 3.
1173 2657 1217 2737 6),
1251 2661 1285 2722 in
1316 2656 1426 2724 oculos
1455 2663 1565 2721 autem

372 2765 514 2828 maxime
544 2767 667 2830 saevire
698 2765 833 2830 feminas
864 2771 897 2830 ct
928 2765 1110 2850 tragoediae
1142 2765 1207 2829 fere
1234 2769 1266 2828 et
1288 2763 1470 2830 comoediae
1495 2782 1563 2847 pro·

372 2873 542 2934 testantur.
635 2870 717 2936 V2.
732 2869 775 2935 20
788 2871 836 2951 (2)
866 2873 973 2935 minae
1002 2873 1082 2934 istae
1113 2872 1239 2956 proprie
1270 2869 1564 2934 feminarumsunt

373 2981 405 3041 et
435 2979 469 3039 in
500 2997 533 3041 se
564 2983 596 3042 et
621 2978 656 3040 in
679 2976 759 3042 alios
784 2979 948 3062 unguibus
971 2978 1203 3054 saevientium,
1223 2981 1261 3039 ut
1284 2974 1393 3061 (Verg.
1417 2972 1461 3039 IV
1487 2972 1566 3053 673)

374 3081 582 3167 „unguibus”
606 3088 680 3148 cett.
706 3120 749 3130 -
772 3082 821 3163 (3)
844 3083 905 3148 Sed
930 3081 1114 3160 „involem”
1139 3082 1178 3146 ab
1202 3082 1317 3145 avibus
1341 3087 1482 3145 tractum
1502 3085 1565 3156 est,

371 3192 409 3252 ut
429 3186 514 3272 apud
533 3187 628 3274 Verg.
649 3187 710 3270 (ΙΙΙ
723 3187 802 3269 233)
824 3188 996 3276 „praedam
1016 3187 1150 3271 pedibus
1166 3185 1378 3251 circumvolet
1390 3185 1508 3250 unus”.
1524 3220 1566 3232 -

371 3293 419 3374 (4)
443 3293 530 3380 Ilrgo
554 3295 614 3359 hoc
636 3301 732 3381 gestu
756 3301 788 3360 et
811 3295 912 3380 digito
935 3300 968 3358 et
991 3299 1080 3358 motu
1107 3295 1246 3378 corporis
1269 3291 1488 3357 adiuvandum
1509 3295 1565 3354 est.

415 3399 633 3484 Repetitiones
658 3421 767 3465 omnes
789 3402 891 3485 ipsius
915 3398 954 3464 D.
979 3419 1046 3464 esse
1070 3397 1229 3463 videntur.
1264 3397 1307 3461 At
1338 3418 1415 3462 vero
1447 3394 1566 3462 scholia

370 3503 410 3568 ad
435 3503 461 3570 V
485 3504 517 3568 2.
531 3505 575 3570 20
599 3506 743 3590 primum
768 3527 850 3571 nunc
874 3505 965 3570 nobis
989 3502 1175 3588 exemplum
1195 3502 1363 3588 praebent,
1385 3501 1469 3587 quod
1489 3520 1566 3566 mox

369 3610 531 3696 permulta
554 3611 674 3677 similia
694 3618 877 3698 sequentur,
898 3632 960 3695 qua
979 3613 1101 3675 ratione
1121 3608 1172 3673 IP
1191 3611 1224 3673 in
1246 3608 1365 3673 edendo
1385 3612 1564 3672 commento
1601 3641 1605 3648 ·

369 3736 461 3800 saepe
485 3723 633 3782 versatus
656 3721 716 3782 sit:
741 3717 861 3782 scholia
886 3715 924 3780 de
946 3722 1042 3800 gestu
1065 3719 1194 3780 tantum
1213 3735 1277 3779 non
1297 3715 1404 3777 omnia
1423 3714 1564 3798 genuina

369 3828 461 3901 sunt,
494 3824 604 3907 itaque
626 3825 660 3887 in
684 3828 864 3888 commento
890 3820 937 3901 (4)
962 3821 1216 3907 subsequebatur
1239 3819 1297 3901 (2),
1322 3840 1437 3885 verum
1461 3817 1563 3883 editor

368 3927 417 3992 ΙΡ
448 3949 540 3994 suam
569 3927 854 3995 correctiunculam
878 3927 916 3992 de
938 3926 1110 3993 involando
1132 3927 1268 3991 inseruit
1290 3947 1347 4011 per
1370 3923 1562 4011 particulam

368 4036 438 4112 aed,
462 4035 569 4102 addito
593 4034 742 4122 exemplo
768 4037 886 4121 inepte.

382 4219 577 4231 --.-

406 4329 432 4392 l)
450 4328 528 4377 Aliter
544 4327 724 4386 Isidorus,
742 4323 873 4376 ciavari.
891 4325 940 4373 554
958 4321 1117 4373 Timidus
1134 4329 1169 4371 est
1184 4321 1226 4386 qni
1241 4334 1333 4385 semper
1348 4319 1425 4379 timet,
1441 4318 1564 4369 Timere

369 4426 426 4460 vero
443 4412 485 4475 qui
500 4412 529 4460 ad
542 4418 635 4475 tempus
649 4409 762 4459 formidat
777 4424 804 4457 ex
819 4423 895 4457 cansa.
911 4406 966 4455 Tali
980 4405 1104 4455 intellectu
1118 4405 1300 4468 distinguuntur
1314 4403 1414 4469 pavidus
1427 4405 1452 4452 et
1467 4417 1564 4468 pavens,

370 4493 484 4560 providus
501 4497 525 4542 et
543 4493 676 4559 providens,
695 4494 740 4540 etc.
