3418 5392
369 329 412 396 52
601 408 605 416 ⁸
884 348 1042 402 nouenos

369 510 419 592 (1)
448 510 496 591 (3)
526 517 558 575 et
587 508 635 590 (4)
664 511 732 574 sine
763 509 956 576 emblemate
972 513 1006 594 ¹),
1042 512 1211 580 Editore'm
1229 516 1418 580 'inseruisse
1455 513 1506 596 (2)
1530 520 1575 580 ‘et

368 617 500 680 initium
532 619 584 680 τοῦ
612 614 670 696 (4),
701 617 819 682 omisso
850 616 909 697 (3),
941 618 1028 703 quod
1059 616 1259 704 Compilator
1282 619 1389 685 denuo
1412 621 1449 686 in
1473 641 1572 686 sunm

366 720 475 786 locum
498 722 656 799 restituit,
677 723 753 786 satis
773 722 900 807 stupide
920 729 994 790 ante
1012 722 1293 810 interpolationem
1314 723 1432 792 scholii
1445 729 1572 812 quarti3

369 826 424 892 sed
446 825 523 912 talia
545 824 601 891 ille
625 848 687 892 nou
710 828 851 893 curabat.

413 931 528 998 Sabb.
553 931 650 1018 longe
672 931 766 998 aliter
789 933 837 1014 (1)
860 931 909 1012 (3)
933 939 966 999 et
988 933 1036 1015 (4)
1061 934 1226 1026 inclinatis
1249 934 1370 1002 litteris
1390 939 1572 1022 expressit,

367 1040 431 1103 nisi
453 1037 554 1123 quod,
577 1043 703 1123 praeter
726 1037 785 1120 (2),
809 1040 907 1104 etiam
929 1041 1063 1106 initium
1088 1040 1203 1106 scholii
1226 1044 1335 1127 quarti
1358 1042 1398 1107 de
1422 1041 1575 1129 emphasi

368 1144 491 1210 Donato
516 1144 657 1229 reliquit.

412 1249 491 1315 Ibid.
516 1249 560 1315 40
589 1249 689 1315 Illum
711 1249 813 1334 liquet
838 1251 921 1316 mihi
944 1249 1085 1322 deierare
1456 1323 1458 1327 ,

413 1356 462 1436 (l)
495 1355 652 1442 „Liquet”
684 1353 846 1443 liquidum
877 1361 943 1434 est„
976 1363 1126 1423 constans
1148 1364 1181 1424 et
1206 1360 1420 1451 manifestum
1447 1366 1481 1426 et
1504 1383 1574 1436 cer,-

368 1467 449 1528 tum.
474 1499 516 1510 —
541 1460 588 1542 (2)
612 1461 654 1526 Et
677 1463 722 1526 sic
747 1460 885 1547 „liquit”
910 1483 966 1548 pro
988 1462 1152 1548 liquidnm
1175 1471 1242 1542 est,
1262 1471 1302 1530 ut
1323 1465 1492 1543 „claudit”
1513 1489 1574 1553 pro

367 1567 519 1634 claudum
542 1573 606 1645 est,
631 1571 669 1632 ut
692 1567 776 1654 apud
799 1566 992 1633 Sallustium
1018 1568 1122 1646 „nihil
1141 1570 1285 1636 socordia
1305 1569 1499 1638 claudebat”
1526 1611 1573 1623 —

368 1680 401 1740 et
435 1680 483 1738 est
518 1672 663 1758 „liquet”
701 1674 837 1739 verbum
870 1675 969 1751 iuris,
1006 1696 1069 1761 quo
1105 1676 1279 1741 utebantur
1315 1676 1456 1753 iudices,
1492 1699 1572 1744 cnm

368 1779 549 1866 amplius
566 1780 923 1865 pronuntiabant,
944 1781 1137 1846 obscuritate
1157 1784 1312 1847 commoti
1330 1803 1447 1848 causae
1461 1787 1571 1870 magis

367 1907 464 1973 quam
483 1888 606 1972 negotii
623 1884 840 1971 simplicitate.
887 1883 936 1966 (3)
957 1885 1150 1965 „Deierare”
1170 1888 1263 1955 ualde
1275 1891 1400 1967 iurare„
1420 1896 1459 1954 ut
1472 1889 1568 1968 (Hoc.

366 1992 410 2058 lv
436 1991 537 2071 1.14)
560 1991 739 2069 „demiror”
761 1998 793 2056 et
814 1991 948 2069 „deamo
968 1996 1017 2070 te,
1039 1992 1143 2079 Syre”
1164 1993 1298 2073 (Heaut.
1318 1993 1363 2059 IV
1386 1993 1416 2059 6.
1431 1994 1502 2076 21),
1522 2034 1569 2046 —-

368 2101 396 2165 si
428 2099 474 2178 de
497 2098 651 2184 producta
673 2096 807 2184 legeris,
832 2099 860 2161 si
883 2105 1042 2183 correpta„
1067 2097 1141 2163 deos
1163 2101 1270 2166 iurare
1292 2098 1505 2185 intelligitur.

412 2203 579 2270 Scholium
610 2203 727 2270 Donati
750 2204 937 2269 continuum
961 2204 999 2269 de
1024 2203 1168 2289 „liquet”
1194 2203 1404 2290 deturpatum
1427 2212 1478 2271 est
1502 2228 1568 2272 em-

367 2311 504 2377 blemate
534 2332 553 2376 a
583 2309 749 2376 Wessnero
779 2329 905 2395 qnoque
928 2309 1113 2396 designato„
1137 2311 1222 2397 quod
1244 2333 1310 2376 nou
1333 2315 1442 2376 tamen
1469 2311 1568 2379 Gom-

367 2416 486 2503 pilator
520 2437 575 2502 per
609 2436 750 2482 errorem
785 2414 931 2480 alicunde
967 2416 1030 2481 huo
1059 2415 1192 2494 intulit,
1229 2416 1285 2482 sed
1315 2416 1466 2482 consulto
1496 2420 1567 2504 ipse

367 2524 490 2602 Editor„
510 2526 631 2588 iactans
650 2544 683 2588 se
703 2521 825 2608 plumis
844 2521 935 2592 Aelio
956 2524 1130 2608 surreptis,
1151 2525 1208 2608 qui
1227 2521 1363 2589 Sallusti
1375 2523 1566 2610 exemplum

368 2636 440 2715 apte
472 2631 642 2715 usurpavit
672 2628 711 2693 ad
741 2628 757 2693 l
781 2627 812 2693 2.
826 2626 879 2706 84,
912 2628 989 2692 dum
1015 2629 1046 2693 h.
1071 2628 1093 2693 l.
1118 2630 1264 2714 ineptum
1288 2634 1353 2707 est„
1378 2632 1452 2716 quis
1476 2633 1567 2698 enim

367 2737 496 2821 putabit
531 2733 740 2815 „claudebat”
775 2734 828 2799 hic
863 2756 920 2820 pro
958 2733 1131 2812 „claudum
1166 2735 1255 2800 erat”
1292 2737 1436 2822 positum
1474 2735 1568 2804 esse?

368 2843 480 2908 Minus
511 2842 590 2907 bene
613 2840 874 2918 Wessnerus,
905 2838 1022 2906 Sabb.
1055 2845 1200 2918 secutus„
1224 2862 1294 2906 rem
1316 2843 1420 2926 gessit
1443 2843 1478 2907 in
1503 2842 1565 2923 (3),

368 2950 425 3014 ubi
448 2947 638 3026 „Deierare”
658 2945 752 3012 valde
772 2944 919 3024 „iurare”
941 2967 1016 3010 cum
1035 2945 1190 3032 exemplis
1208 2948 1398 3012 iustissimis
1414 2946 1565 3036 Hecyrae

368 3041 401 3121 et
424 3053 800 3128 Heautontimorumeui„
826 3072 906 3139 quae
930 3050 1052 3117 Wessu.
1077 3051 1239 3117 inclinatis
1258 3051 1378 3118 litteris
1396 3052 1565 3139 expressit,

368 3160 459 3228 Aelio
490 3159 592 3226 danda
624 3164 715 3237 suut,
747 3157 870 3244 reliqua
902 3159 967 3237 („si
989 3156 1035 3222 de
1057 3179 1089 3242 p.
1113 3157 1135 3222 l.
1160 3162 1250 3238 cett.)
1273 3157 1408 3224 Editori.
1441 3158 1499 3224 De
1528 3162 1565 3226 in

369 3269 553 3353 compositis
585 3264 764 3352 significare
796 3262 935 3341 valde,
971 3264 1087 3328 tritum
1123 3268 1172 3328 est
1203 3261 1434 3329 Grammaticis
1467 3270 1501 3330 et
1528 3267 1564 3330 in

369 3378 550 3439 commento
571 3371 667 3453 (Eun.
692 3369 722 3434 ll
746 3370 777 3435 2.
792 3368 846 3447 49,
878 3370 936 3434 ubi
959 3368 1033 3435 vide
1054 3367 1115 3446 W„
1140 3367 1200 3433 Ad.
1224 3368 1268 3433 IV
1293 3368 1372 3450 6.1)
1396 3369 1452 3434 sed
1476 3370 1564 3436 diffe-

367 3480 470 3545 rentia
501 3478 691 3542 deierare
723 3477 772 3553 „si
804 3474 877 3540 deos
906 3475 1012 3539 iurare
1044 3470 1267 3559 intellegitur”
1296 3473 1422 3541 Donato
1446 3475 1564 3543 saltem

367 3607 430 3651 nou
454 3582 578 3661 valuit„
603 3583 659 3668 qni
682 3582 809 3666 scripsit
832 3580 872 3646 ad
891 3579 969 3646 Hec.
990 3578 1017 3643 V
1039 3580 1068 3645 1.
1083 3579 1102 3644 5
1116 3580 1164 3660 (1)
1186 3580 1348 3658 „deierat”
1369 3580 1444 3648 deos
1463 3585 1562 3650 iurat.

413 3691 479 3756 Nec
512 3711 573 3754 noo
605 3687 727 3753 ibidem
758 3686 968 3774 Interpolator
999 3685 1137 3752 addidit:
1171 3685 1219 3767 (3)
1245 3689 1274 3752 si
1296 3692 1440 3773 correpte
1464 3688 1561 3755 deos

366 3800 497 3874 iurat,
530 3797 558 3861 si
588 3793 740 3881 producte
774 3793 894 3860 valde
916 3796 1052 3871 iurat„
1076 3793 1162 3878 qnod
1185 3793 1318 3859 fortasse
1341 3795 1410 3879 ipse
1433 3798 1560 3881 primus

366 3904 551 3990 proposuit,
585 3906 623 3966 ut
654 3906 702 3966 est
732 3900 835 3966 audax
867 3900 1118 3966 differentiarum
1145 3900 1306 3965 inventor.
1343 3899 1447 3979 Alibi,
1476 3901 1561 3988 quod

366 4013 482 4088 sciam,
507 4010 583 4075 haec
608 4007 784 4074 differentia
806 4023 965 4091 nusquam
988 4008 1156 4091 reperitur.

411 4116 493 4182 Ibid.
519 4115 562 4180 45
595 4113 754 4182 Continuo
786 4115 922 4180 accurrit
952 4113 991 4178 ad
1024 4133 1077 4178 me
1178 4113 1349 4189 incurvus,
1381 4111 1560 4191 tremulus„

366 4222 464 4290 labris
487 4222 651 4302 demissis,
675 4241 819 4309 gemens.

401 4468 430 4534 1)
447 4467 500 4518 Hos
517 4479 610 4532 quoqne
627 4463 781 4526 redolat’ll’‚
798 4463 840 4529 qui
858 4465 923 4513 amat
940 4458 1051 4523 ’ἔμφασιν
1068 4462 1093 4508 et
1110 4455 1320 4523 ἔμφατικῶτερον.
