3418 5392
653 399 814 452 11111111.
1291 380 1335 449 33

185 569 268 634 Ibid.
290 568 334 634 48
347 573 397 650 (”)
420 569 560 634 11111111
581 568 751 648 „credam”
772 565 946 633 secundum
964 564 1047 630 illud
1066 572 1126 646 (vs.
1148 565 1206 647 21)
1225 570 1336 652 „potin

142 681 189 741 est
211 676 265 740 hic
284 681 389 741 tacere
399 673 433 740 ?''

188 782 372 847 Absurdam
396 781 582 847 relationem
606 781 646 847 ad
670 802 716 846 vs.
742 779 782 843 21
808 781 924 845 merito
946 781 1134 864 proscripsit
1157 779 1272 844 Sabb.

188 887 269 952 Ibid.
305 887 409 968 500)
442 887 533 964 „Hoc
564 887 673 972 agits”
706 908 763 970 pro
786 886 937 950 adverbio
960 888 1233 970 corripientis-est
1256 888 1339 970 posi-

143 1001 233 1071 tum,
260 1031 303 1043 —
329 1000 386 1060 aut
416 1000 499 1058 certe
530 993 832 1078 proadhortationo
855 991 1034 1057 audientiae
1058 991 1267 1076 praebendae;
1294 993 1338 1055 sic

145 1098 283 1164 Plautus
316 1100 417 1178 (Asin.
450 1098 528 1184 prol.
564 1099 596 1179 1)
628 1099 709 1176 „hoc
740 1101 827 1183 agite
858 1100 885 1163 si
909 1095 1019 1175 vultis,
1044 1097 1270 1182 spectatorss’'.
1297 1134 1337 1146 —

136 1204 193 1286 ,(2)
225 1211 257 1270 11
289 1207 439 1270 convenit
469 1203 574 1270 veluti
604 1213 687 1268 nutu
718 1204 915 1269 audientiam
946 1202 1156 1288 significantis
1188 1209 1220 1268 et
1243 1211 1339 1289 gestu

145 1312 204 1376 hoc
225 1314 335 1396 ipsum
356 1310 512 1376 adiuvari.
536 1348 580 1358 —
605 1310 654 1391 (3)
674 1309 710 1374 Id
731 1315 796 1374 est:
817 1309 899 1373 illud
912 1309 1047 1374 desinite
1059 1315 1091 1373 et
1103 1310 1162 1374 hoc
1174 1309 1338 1375 attendite.

190 1415 475 1501 Interpolationem
504 1416 645 1480 Editoris
674 1416 814 1481 indicavi
844 1414 988 1493 lineolis,
1023 1417 1142 1500 partim
1173 1415 1340 1482 confictam

144 1545 182 1588 111
215 1523 275 1604 (2),
310 1525 432 1608 partim
464 1544 480 1587 e
511 1521 591 1587 Don.
623 1522 663 1588 ad
695 1521 792 1587 Andr.
816 1521 839 1616 ,Ι
870 1520 1028 1603 2.15(1),
1061 1524 1117 1586 ubi
1148 1525 1266 1587 citatur
1288 1523 1341 1588 hic

143 1628 236 1694 locus
268 1633 301 1693 ct
325 1627 510 1713 exemplum
535 1627 661 1704 Plauti,
686 1649 721 1692 ac
743 1633 854 1714 gestus
878 1630 923 1692 sic
947 1627 1114 1693 definitur:
1140 1627 1341 1694 Demonstra-

145 1738 212 1800 tive
237 1734 331 1801 velut
356 1755 466 1800 aurem
490 1755 582 1799 suam
604 1738 749 1820 tangens.

189 1840 297 1908 Schol.
332 1840 380 1921 (3)
416 1848 465 1906 111
500 1863 538 1905 ox
574 1841 799 1906 additamentis
834 1863 891 1926 per
920 1841 956 1904 id
984 1847 1029 1904 cat
1059 1842 1131 1905 sim.
1163 1840 1342 1926 dequibus

144 1954 273 2034 postca;
300 1947 520 2032 suppeditavit
543 1947 602 2012 hoo
626 1947 758 2012 fortasse
781 1947 865 2032 quod
890 1940 928 2011 D.
956 1947 1043 2011 dedit
1064 1946 1096 2010 II
1121 1946 1151 2011 3.
1166 1944 1208 2012 57
1221 1945 1279 2027 (5).

191 2053 302 2139 Igitur
325 2055 390 2133 (1)1
414 2058 445 2117 11
469 2051 516 2133 (2)
540 2051 639 2117 schol.
662 2054 850 2118 continuum
870 2051 909 2117 D.
946 2051 1061 2118 sabb.
1085 2072 1250 2137 perperam
1275 2073 1344 2136 pro·

146 2161 274 2244 scripsit
298 2157 358 2237 (2).

190 2264 275 2328 Ibid.
299 2262 342 2328 59
367 2262 403 2328 Si
427 2262 521 2328 fidem
546 2263 658 2328 habeat

193 2369 242 2450 (2)
274 2369 347 2434 Hoc
371 2373 419 2434 est
442 2372 470 2434 si
494 2370 609 2434 faciam
634 2368 773 2454 aliquid,
797 2369 882 2434 unde
907 2370 1013 2435 credat
1038 2391 1071 2435 se
1096 2371 1155 2436 tibi
1179 2374 1340 2456 praeponi.

146 2476 200 2542 Sic
231 2476 285 2555 D.‚
321 2478 413 2540 cuius
444 2475 670 2560 compendium
702 2474 788 2540 dedit
820 2478 974 2562 magister·
1004 2474 1121 2560 aliquis
1152 2479 1203 2541 in:
1236 2476 1283 2557 (3)
1316 2480 1341 2542 11

146 2583 275 2648 credere
307 2587 452 2667 cogatur.
522 2582 692 2666 Sequitur:
725 2580 773 2661 (4)
803 2581 839 2645 ld
870 2589 918 2646 est
941 2584 968 2646 11
992 2580 1116 2647 credat:
1139 2582 1223 2648 unde
1246 2582 1344 2647 fide-

145 2691 289 2753 iussor
313 2686 441 2765 dicitur,
465 2687 525 2752 hoc
545 2695 594 2752 est
614 2692 724 2752 auctor
742 2685 900 2752 credendi.
949 2690 1093 2774 Agnosco
1113 2688 1173 2767 IP,
1195 2690 1232 2755 dc
1252 2693 1343 2754 cuius

147 2797 268 2881 etymis
300 2799 333 2858 et
364 2793 534 2858 verborum
560 2792 799 2858 definitionibus
823 2795 896 2858 vide
919 2794 1143 2880 exemplorum
1167 2799 1279 2860 seriem
1305 2795 1344 2860 ad

150 2900 246 2965 Andr.
279 2902 312 2963 in
345 2900 467 2964 Mnem.
500 2899 628 2964 XXXII
659 2922 689 2984 p.
717 2899 863 2986 2l9sqq.
933 2902 1036 2965 Miror
1060 2900 1175 2966 Sabb.
1199 2904 1344 2968 reiecisse

149 3010 332 3071 accuratam
356 3004 473 3070 Donati
496 3008 792 3090 interpretationem
816 3007 849 3069 in
874 3005 921 3084 (2)
946 3012 978 3071 11
997 3007 1145 3091 probasse
1165 3006 1213 3086 (3)
1233 3015 1264 3072 et
1286 3008 1343 3087 (4).

195 3110 278 3176 Ibid.
304 3109 348 3176 70
361 3133 407 3196 sq.
431 3111 550 3177 Adinta
574 3133 644 3190 me,
670 3134 732 3198 quo
754 3113 787 3176 id
811 3112 866 3177 fiat
891 3112 1035 3177 facilius:
1061 3112 1135 3178 Sine
1159 3112 1254 3178 illum
1281 3117 1345 3199 pri-

152 3239 220 3284 ores
243 3223 351 3302 partcs
373 3217 468 3282 hosce
492 3216 614 3303 aliquot
637 3217 704 3283 dios
727 3218 813 3303 apud
837 3240 889 3283 me
911 3219 1027 3284 habere
1220 3202 1223 3207 .

195 3324 278 3390 Don.
306 3320 410 3404 7141)
434 3322 554 3389 Blande
580 3327 667 3402 „sinc
690 3323 819 3404 illum’',
844 3331 1009 3410 tamquam
1034 3327 1067 3389 in
1091 3343 1188 3390 manu
1213 3328 1282 3391 eius
1304 3328 1346 3391 sit

150 3433 305 3496 iniuriam
328 3450 392 3494 non
415 3432 482 3514 pati
506 3436 539 3495 ct
558 3429 684 3496 excludi
704 3429 852 3496 militem.
923 3431 1054 3496 Addidit
1074 3430 1124 3495 IP
1142 3453 1198 3516 per
1217 3455 1275 3496 non
1294 3435 1348 3496 aed

150 3539 295 3622 ineptam
326 3535 359 3600 h.
382 3533 404 3598 1.
437 3533 665 3601 differentiam:
696 3538 869 3601 nonenim
895 3535 976 3600 dixit
1001 3536 1089 3615 „fer”
1113 3545 1169 3602 aut
1195 3539 1345 3623 „patere”

152 3642 207 3708 sed
232 3641 355 3720 „sine'’.

198 3747 249 3812 Ex
279 3768 317 3812 co
347 3746 431 3831 quod
456 3750 602 3833 sequitur
626 3747 757 3813 Donati:
783 3747 832 3827 (2)
856 3747 999 3813 Honeste
1023 3748 1290 3834 circumloquitur
1314 3756 1346 3814 et

153 3853 308 3928 oratorie,
342 3871 381 3915 ne
413 3851 497 3916 dicat
532 3853 604 3927 „abi
635 3851 738 3916 foras”
771 3859 866 3938 atquc
897 3852 1046 3930 „excludi
1069 3859 1100 3918 te
1124 3854 1264 3938 patere”,
1298 3854 1347 3917 lP

155 3955 247 4022 finxit
279 3955 385 4040 111)
416 3957 501 4021 Μ111
532 3960 669 4022 coactio:
703 3979 782 4042 „pro
813 3962 921 4043 patere
944 3957 1092 4023 excludi’'
1119 3959 1249 4036 „adiuta
1272 3959 1346 4024 me'’

154 4063 245 4128 dixit.
1218 4063 1251 4129 S.
1275 4087 1300 4131 c.

201 4166 282 4233 Ibid.
309 4164 351 4232 74
374 4167 515 4232 Tandem
539 4169 700 4253 perdoluit
708 4190 717 4248 3
743 4171 794 4235 vir
817 4190 860 4234 es.

201 4273 282 4338 Don.
313 4271 360 4354 (4)
390 4272 564 4359 Eleganter
595 4277 734 4340 variavit
763 4296 929 4360 personas,
955 4274 1126 4340 secundam
1151 4281 1183 4340 ct
1206 4279 1347 4343 tertiam.

155 4378 205 4444 IP
229 4379 333 4444 denuo
357 4382 474 4444 otiose:
504 4378 551 4464 (5)
575 4402 638 4446 111
664 4380 786 4466 „puer”
810 4403 894 4447 nunc
918 4402 969 4457 cs,
993 4380 1048 4446 sed
1072 4383 1137 4445 iam
1164 4382 1267 4462 „vir'’,
1292 4386 1347 4467 qui

154 4487 358 4550 meretricem
381 4488 568 4551 contemnis.

1185 4607 1201 4653 o
