3450 5382
701 350 857 399 oounros.
1087 386 1093 396 .
1316 329 1378 398 167

185 517 326 583 vidimus
350 538 390 581 cx
413 515 511 581 schol.
535 517 666 582 Phorm.
689 516 705 580 l
731 517 760 581 1.
777 514 828 580 15.
853 513 945 579 Unde
966 513 1109 578 Donatus
1130 517 1234 600 igitur
1254 510 1381 578 hausit?

184 644 201 689 s
234 621 415 688 scholarum
446 619 635 699 traditione,
668 644 707 688 61
732 621 814 688 alius
838 626 1038 698 commento,
1064 641 1102 685 61
1126 617 1284 704 utroque?
1325 617 1392 684 So-'

184 729 287 794 cundo
320 729 389 794 loco
413 732 702 814 grammaticorum
733 733 771 792 ut
809 729 1035 793 historicorum
1066 729 1148 791 ratio
1172 747 1208 791 ea
1232 730 1318 804 erat,
1342 731 1379 790 ut

183 834 377 920 locupletem
409 835 552 919 aliquem
582 840 746 900 auctorem
770 832 906 899 fideliter
930 835 1021 919 sequi
1044 855 1107 898 non
1131 832 1379 918 dedignarentur

183 942 338 1027 pudorive
372 942 541 1006 haberent:
579 942 703 1006 Probus
738 942 892 1005 nimirum
928 938 1085 1004 Stilonem
1114 944 1152 1004 'et
1187 938 1377 1015 Varronem,

184 1048 285 1132 Asper
320 1046 479 1125 Probum,
516 1049 659 1133 Asprum
694 1047 839 1112 Donatus
848 1068 857 1125 ;
892 1046 977 1111 unde
1008 1052 1117 1110 tamen
1147 1065 1209 1110 non
1232 1046 1379 1129 sequitur

183 1174 259 1218 sum
299 1153 532 1230 Menandrum,
576 1152 749 1232 Plautum,
786 1153 975 1218 Terentium
1008 1173 1071 1216 non
1106 1153 1213 1235 ipsum
1250 1152 1378 1240 saepius

183 1279 380 1344 comparasse
403 1257 549 1342 nihilque
573 1261 650 1324 novi
669 1261 779 1344 ipsum
797 1259 870 1324 inde
889 1256 1062 1323 rettulisse.
1086 1256 1194 1343 Igitur
1213 1262 1281 1322 tota
1299 1257 1378 1322 haec

183 1367 326 1450 quaestio
350 1365 388 1430 de
411 1365 553 1429 fontibus
576 1363 700 1430 lubrica
724 1372 771 1430 est
791 1372 823 1430 et
843 1367 979 1443 incerta,
1001 1363 1135 1449 ideoque
1156 1384 1215 1449 ego
1239 1365 1273 1426 in
1292 1362 1378 1427 scho

183 1469 252 1548 liis,
277 1491 357 1556 quae
381 1477 570 1556 sequuntur,
590 1492 652 1536 non
674 1471 815 1537 indicavi
834 1491 914 1556 quae
934 1469 1078 1535 Donatus
1098 1490 1138 1534 ex
1158 1471 1261 1554 Aspre
1274 1468 1377 1534 alioue

183 1577 342 1656 hauserit,
367 1577 421 1642 sed
444 1598 525 1663 quae
549 1578 680 1643 sortasse
704 1577 777 1643 inde
800 1577 928 1642 haurire
952 1578 1103 1662 potuerit.

697 1820 865 1886 Andria.

227 2003 314 2069 Prol.
341 2000 382 2069 17
418 2004 594 2069 Faciuntne
615 2002 831 2090 intellegendo
854 2008 892 2068 ut
914 2002 996 2069 nihil
1018 2000 1231 2088 intellegant?

228 2111 276 2190 (1)
310 2109 401 2188 ,,Ν6”
435 2110 565 2194 quidam
597 2111 774 2194 corripiunt
806 2115 838 2174 et
869 2130 942 2174 curn
966 2111 1216 2193 interrogatione
1240 2131 1377 2194 pronun-

187 2217 286 2294 tiant,
307 2216 440 2301 quidam
459 2217 657 2302 producunt,
679 2237 816 2301 quorum
835 2215 892 2280 alii
913 2215 994 2294 „ne”
1014 2237 1071 2300 pro
1084 2237 1187 2280 nonne
1199 2218 1375 2302 accipiunt,

183 2322 216 2387 id
248 2329 296 2387 est
326 2322 503 2400 non,·alii
528 2323 610 2400 „ne”
634 2343 690 2408 pro
715 2321 855 2400 valde,
881 2327 919 2386 ut
944 2343 1004 2400 „ne
1029 2343 1089 2408 ego
1113 2323 1210 2387 homo
1234 2343 1305 2387 sum
1329 2325 1376 2386 in·

182 2427 280 2494 felix'’
313 2428 387 2509 (Ad.
412 2428 455 2494 IV
479 2428 510 2494 2.
527 2430 559 2509 1)
590 2435 622 2493 61
646 2425 755 2494 Cicero
782 2449 843 2506 „ne
866 2427 915 2493 illi
939 2428 1144 2494 vehementer
1167 2428 1305 2493 orrant’'.

182 2533 230 2616 (2)
260 2534 303 2599 Et
334 2535 393 2600 hoc
425 2535 560 2612 melius,
593 2555 668 2600 nam
698 2536 809 2598 statim
840 2535 937 2599 infert
961 2555 1120 2619 „quorum
1145 2533 1375 2600 1611111161-

181 2645 270 2725 optat
290 2640 542 2726 neclegentiam,
564 2643 671 2728 potius
691 2661 787 2726 quam
805 2643 943 2706 istorum
963 2641 1130 2706 obscuram
1149 2639 1373 2726 diligentiam”

181 2751 242 2826 (vs.
268 2745 311 2811 20
324 2752 395 2832 sq).
458 2760 461 2766 ’

227 2850 376 2917 Alterum
400 2852 558 2918 scholium
581 2851 707 2916 Editori
730 2852 836 2916 tribuo
860 2855 992 2936 propter
1014 2852 1175 2936 ineptam,
1200 2873 1281 2936 quae
1305 2851 1373 2917 red-

180 2957 277 3035 ditur,
302 2961 469 3024 rationem.
494 2957 541 3022 De
566 2956 704 3024 formula
727 2957 908 3021 1161161111
931 2956 1005 3022 vide
1028 2978 1134 3041 supra.

225 3063 370 3130 Donatus
391 3067 458 3130 sine
482 3064 638 3130 decisione
663 3101 705 3112 -
729 3065 901 3128 nonenim
925 3062 1082 3126 tironibus
1105 3061 1159 3127 sed
1183 3068 1286 3128 aetate
1305 3084 1374 3148 pro·

180 3171 383 3236 rectioribus·
406 3177 438 3236 61
464 3169 622 3254 ludorum
653 3172 820 3256 magistris
852 3173 1072 3234 commentum
1095 3166 1267 3234 destinavit
1282 3168 1305 3249 ¹)
1329 3207 1372 3218 -

180 3276 346 3342 doctorum
368 3279 541 3342 sententias
561 3275 682 3361 profert
702 3280 782 3340 tres:
803 3284 848 3339 11
868 3274 1151 3361 interrogativum,
1173 3287 1220 3339 ne
1239 3300 1279 3324 =
1297 3295 1373 3353 non,

180 3396 228 3448 ne
247 3413 287 3438 =
306 3382 416 3462 valde,
443 3391 475 3448 et
499 3388 695 3467 postremam
719 3381 863 3446 illustrat
887 3379 1033 3466 exemplo
1058 3382 1135 3445 trito
1158 3382 1191 3443 in
1216 3379 1333 3446 scholis
1357 3402 1374 3447 e

182 3486 345 3555 Ciceronis
381 3490 521 3553 oratione
553 3484 622 3553 Oat.
654 3486 685 3551 Π
717 3487 747 3564 6,
780 3486 864 3573 quod
895 3486 978 3551 redit
995 3485 1048 3558 ¹ad
1078 3485 1240 3571 Adelphos
1270 3485 1317 3551 l.l.
1342 3493 1375 3552 et

182 3594 267 3679 apud
298 3593 501 3674 charisium,
526 3593 731 3670 Diomedem,
756 3593 948 3659 Dositheum
972 3593 1036 3674 (W.
1061 3595 1095 3657 in
1119 3599 1216 3679 app),
1241 3592 1298 3658 ubi
1322 3593 1375 3658 ad·

181 3701 270 3766 ditur
292 3701 432 3766 alterum
455 3721 495 3766 ex
518 3721 562 3767 or.
588 3722 644 3784 pro
668 3700 759 3765 Rosc.
782 3701 854 3764 Am.
877 3698 920 3764 50
946 3699 1015 3778 „Ne
1039 3706 1093 3776 tu,
1116 3699 1225 3777 Druci,
1249 3719 1374 3765 accusa-

181 3812 232 3872 tor
251 3828 333 3873 esses
353 3805 541 3872 ridiculus”.
570 3805 646 3870 Fuit
665 3809 698 3870 in
718 3806 769 3870 his
789 3805 972 3871 doctoribus
993 3803 1219 3891 proculdubio
1240 3804 1375 3871 Probus·

180 3915 331 3999 Aspcr2),
363 3915 415 3978 cui
439 3918 547 3978 tamen
569 3932 631 3976 non
655 3911 853 3998 adsignanda
878 3912 1006 3977 videtur
1029 3913 1252 3996 interpretatio
1278 3913 1374 3976 tertia

183 4067 378 4076 ———-

215 4145 240 4205 1)
264 4142 355 4192 Hocine
378 4141 451 4191 etiam
470 4141 672 4189 Wessnerns
689 4139 780 4199 voluit,
798 4155 852 4189 curn
871 4139 896 4188 iu
914 4137 977 4188 libro
994 4138 1024 4187 de
1041 4140 1109 4188 Aem.
1130 4143 1207 4202 Aspre
1225 4154 1249 4203 p.
1269 4138 1375 4189 181111-

178 4225 258 4275 beret:
276 4227 316 4274 iiir
333 4226 371 4274 die
388 4224 484 4273 Zwecke
503 4224 542 4273 des
560 4222 733 4271 Unterrichts?

212 4307 240 4372 2)
263 4307 302 4356 Sic
326 4307 417 4356 fontem
443 4305 534 4354 Donati
560 4305 666 4363 nomino,
689 4319 760 4367 quem
779 4303 983 4352 Wessnerns
1007 4301 1041 4351 l.l.
1060 4319 1083 4367 p.
1103 4304 1135 4352 23
1155 4302 1217 4351 huno
1234 4303 1260 4352 in
1277 4304 1392 4353 modum

179 4389 315 4454 descripsit:
341 4389 387 4439 ‚So
410 4389 532 4452 gewinnen
556 4387 599 4435 wir
623 4387 661 4435 die
685 4386 761 4436 Rcihe
780 4384 1301 4449 Probus-Asper—Donatns,
1317 4385 1375 4436 d.h.

179 4475 259 4522 Donat
276 4473 373 4521 benutzt
390 4471 474 4536 Asper,
490 4472 565 4534 Asper
582 4469 710 4519 wiederum
728 4469 828 4529 Probus,
845 4467 917 4518 somit
933 4467 1015 4517 Donat
1028 4467 1073 4516 den
1088 4465 1180 4516 Probus
1196 4467 1270 4517 durch
1287 4471 1375 4534 Aspero
