3418 5392
338 307 381 374 56
858 326 1013 376 noricus.

342 491 465 556 cietur”
497 491 551 556 eod
575 493 793 577 „quatietur”.
875 493 956 558 Don.
981 491 1101 558 denuo:
1126 491 1175 574 (3)
1200 490 1280 558 Vide
1303 513 1401 578 quam
1426 497 1540 558 contu-

338 596 504 663 meliosius
528 597 651 662 dictum
675 600 717 662 sit
742 600 927 683 „quatietur
948 597 1069 663 foras’':
1103 596 1157 664 vel
1181 599 1369 664 verberibus
1392 596 1540 684 impelle·

340 708 394 768 tur
422 703 521 780 foras,
553 725 616 768 non
647 703 833 789 expulsione
864 711 897 769 et
928 704 1126 784 detrusione;
1153 739 1195 752 -
1229 703 1277 783 (4)
1301 703 1361 770 Vel
1384 706 1430 770 sic
1454 705 1548 772 dixit.

341 809 447 888 „foras
478 810 661 895 quatietur’'
697 815 735 874 ut
770 809 852 874 desit
889 809 1076 888 „versum’',
1112 815 1151 874 ut
1185 811 1244 874 sit:
1280 810 1364 876 forus
1403 832 1538 876 vorsum

339 914 558 986 ,verberabitur
589 918 641 997 [ut
665 916 863 1007 verberetur]
880 917 903 997 ¹)
928 921 959 980 et
981 916 1113 1002 fugetur
1135 915 1221 981 ioras
1246 953 1287 964 -
1312 937 1387 982 nam
1411 923 1445 982 et
1467 937 1538 1002 per·

341 1020 493 1107 vulgatae
516 1021 754 1087 consuetudinis
774 1028 822 1088 est
848 1022 971 1088 dictum
997 1022 1078 1101 „feri
1101 1043 1212 1088 canem
1237 1022 1355 1100 foras”‚
1382 1023 1444 1088 hoc
1467 1028 1534 1088 est:

341 1126 482 1192 feriendo
513 1148 624 1193 canem
648 1128 732 1193 foras
756 1131 831 1195 eico.
923 1128 1012 1194 Haec
1035 1130 1194 1193 nimirum
1218 1150 1318 1194 unam
1342 1128 1462 1194 Donati
1485 1128 1539 1193 ad-

340 1235 539 1299 notationem
562 1233 719 1312 efficiunt,
743 1237 832 1300 inani
855 1233 1102 1320 interpolatione
1125 1235 1273 1300 divisam.

386 1337 502 1405 Sabb.
527 1345 646 1412 temera
671 1341 780 1406 omnia
803 1360 822 1404 a
845 1338 969 1405 Donato
995 1339 1190 1407 abiudicavit
1213 1343 1340 1425 praeter
1363 1339 1421 1420 (I).

324 1457 326 1466 '
388 1445 473 1510 ibid.
496 1444 538 1510 68
551 1466 607 1530 sq„
629 1442 695 1512 Oh.
719 1444 781 1512 Sed
799 1446 898 1511 istam
916 1444 1074 1510 Thaidem
1091 1468 1154 1511 non
1174 1447 1256 1512 scivi
1274 1446 1366 1511 nobis
1383 1447 1538 1512 uicinam.

341 1552 404 1616 Pa.
429 1550 527 1616 Haud
553 1551 649 1618 diust.
686 1548 752 1618 oh.
777 1552 881 1628 Perii,
914 1561 1134 1637 numquamne
1165 1553 1265 1616 etiam
1296 1572 1348 1616 me
1372 1550 1466 1617 illem
1490 1553 1539 1618 vi-

342 1655 440 1722 disset
465 1657 630 1736 Ehodum,
656 1657 706 1722 dic
728 1659 830 1722 mihi:
855 1656 953 1722 Estne
978 1663 1015 1723 ut
1037 1658 1139 1725 fertur
1163 1654 1289 1722 formal

386 1763 434 1846 (1)
469 1765 594 1836 Rauda:
627 1757 785 1848 quomodo
808 1765 896 1829 enim
918 1784 976 1848 pro
1001 1763 1148 1828 eunucho
1172 1765 1280 1829 veniet
1304 1760 1486 1843 (Chaerea),
1511 1765 1540 1829 si

341 1871 432 1935 novit
463 1874 520 1934 ant
550 1875 645 1936 notus
668 1866 737 1934 est?
769 1868 863 1934 Etsi
887 1868 1072 1934 adulescens
1096 1868 1267 1934 mulierem
1291 1889 1330 1934 ne
1353 1870 1445 1934 novit
1469 1871 1539 1953 qui·

341 1975 431 2053 dem,
464 1973 569 2040 multo
599 1976 741 2040 maxime
770 1976 834 2059 ipsi
864 1977 1024 2040 nescitur:
1056 1973 1105 2054 (2)
1137 1974 1289 2050 οἰκονομία
1321 1981 1430 2039 contra
1454 1973 1538 2038 illud

341 2081 426 2168 quod
460 2081 614 2146 meretrix
643 2082 751 2147 vicina
785 2084 835 2146 est
861 2089 884 2160 ).
977 2079 1025 2161 (4)
1055 2079 1097 2144 hit
1128 2086 1203 2145 nota
1231 2079 1316 2166 apud
1347 2079 1537 2145 Terentium

341 2189 462 2252 vicinas
493 2188 569 2271 poni
600 2189 726 2271 saepius
756 2184 1013 2252 adulescentibus
1043 2187 1245 2264 meretrices,
1271 2189 1308 2250 nt
1331 2186 1409 2250 haec
1431 2187 1539 2271 prima

341 2293 384 2356 sit
407 2293 524 2356 amoris
546 2290 705 2356 illecebra.

386 2395 501 2462 Sabb.
533 2396 698 2484 damnavit
727 2396 776 2478 (2)
800 2402 833 2462 et
856 2395 915 2478 (4),
940 2396 995 2462 sed
1018 2395 1102 2461 illud
1124 2417 1200 2462 curn
1222 2395 1366 2462 Donateo
1393 2396 1444 2478 (1)
1468 2417 1539 2462 con·

340 2504 488 2568 iunctum
510 2503 609 2568 fuisse
629 2505 781 2588 suspicor,
806 2507 838 2567 et
861 2502 920 2568 hoc
943 2501 1025 2567 nihil
1048 2503 1142 2567 habet
1165 2502 1251 2588 qnod
1274 2501 1421 2570 offendat.

386 2608 436 2673 Ad
456 2607 497 2673 69
518 2608 619 2674 Dum:
640 2609 689 2689 (1)
711 2608 971 2693 „numquamne”
993 2614 1068 2674 cett.
1090 2607 1259 2673 artificiose
1271 2606 1412 2673 inculcat
1423 2613 1536 2693 poetae

341 2713 375 2778 ri
408 2715 540 2779 nrtxvcb.
632 2713 702 2779 Hoc
734 2736 797 2779 non
828 2715 984 2779 satisfecit
1008 2713 1149 2790 Iiditori,
1175 2715 1231 2798 qui
1256 2714 1423 2779 subiunxit
1446 2714 1539 2779 adno-

340 2822 494 2885 tationem
518 2840 576 2884 eua
598 2821 790 2886 verbositate
815 2819 1021 2905 compilatam
1044 2841 1061 2884 e
1085 2818 1166 2884 Don.
1193 2817 1236 2884 68
1249 2818 1308 2899 (1),
1332 2819 1417 2905 quod
1442 2839 1537 2904 supra

340 2927 470 3010 scripsi,
494 2927 528 2989 in
549 2924 592 2989 69
606 2924 674 3005 (2);
694 2925 756 2990 Sed
780 2927 880 2990 nImio
904 2924 1012 3010 lepore
1035 2923 1224 2989 Terentiano
1238 2923 1263 2998 3)
1286 2926 1353 2988 iam
1376 2923 1460 2989 illud
1479 2929 1534 3006 (sc.

341 3031 375 3095 rt
407 3029 543 3110 πιθανόν)
576 3032 694 3117 agitur,
726 3052 802 3096 nam
832 3031 885 3095 hic
908 3030 1087 3096 ostenditur
1110 3027 1287 3095 verisimile
1311 3049 1378 3094 esse
1402 3051 1460 3116 pro
1484 3050 1535 3094 eu-

339 3136 444 3202 nucho
474 3135 632 3202 creditum
662 3135 746 3220 apud
771 3138 909 3201 vicinam
932 3137 1133 3200 meretricem
1158 3133 1352 3212 Chaeream,
1377 3137 1433 3221 qui
1457 3134 1534 3200 adeo

338 3245 471 3329 ignotus
494 3244 537 3306 sit
560 3240 708 3320 mulieri,
733 3247 770 3307 nt
793 3263 850 3306 neo
869 3243 938 3326 ipse
959 3262 1030 3306 eam
1049 3243 1193 3318 noverit,
1214 3239 1300 3325 quod
1321 3247 1388 3305 erat
1407 3239 1535 3305 facilius

340 3356 372 3413 et
392 3350 574 3434 promptius
594 3345 681 3427 (vide
700 3368 751 3413 vr.
774 3346 854 3412 Don.
877 3346 1003 3424 „multo
1023 3347 1218 3426 marime”);
1243 3353 1275 3411 et
1295 3345 1425 3413 additur
1437 3345 1533 3421 color,

341 3453 424 3540 quod
454 3460 487 3518 et
516 3453 576 3518 illa
607 3475 670 3518 non
702 3452 757 3517 diu
787 3455 893 3519 vicina
918 3458 966 3518 est
989 3458 1022 3518 et
1044 3451 1129 3537 quod
1152 3451 1337 3518 adulescens
1361 3454 1396 3517 in
1419 3453 1533 3517 Piraeo

339 3561 483 3645 primurn
506 3561 723 3623 commoratus
747 3563 805 3623 est.
898 3559 1020 3636 Immo,
1044 3558 1098 3623 hic
1122 3555 1208 3622 color
1230 3579 1294 3623 non
1318 3557 1458 3636 additur,
1481 3556 1533 3622 sed

340 3663 468 3729 aliunde
488 3665 527 3728 ab
546 3662 774 3748 interpolatore
797 3663 940 3750 fingitur.
1011 3664 1060 3728 Ad
1083 3662 1125 3729 70
1146 3663 1227 3730 Don.
1249 3664 1296 3745 (1)
1317 3663 1388 3728 Ηοο
1405 3667 1533 3750 propter

338 3768 438 3846 illud,
464 3767 547 3854 quod
571 3788 668 3852 supra
693 3767 750 3847 (68
762 3768 824 3850 (1))
848 3769 1000 3835 diximus.
1025 3768 1141 3836 Sabb.
1166 3771 1269 3854 igitur
1292 3771 1407 3835 merito
1432 3767 1474 3833 69
1486 3767 1532 3848 (2)

340 3897 378 3952 c.,
401 3876 565 3939 immerito
592 3873 706 3955 70(i).

374 4106 401 4169 1)
419 4102 498 4153 Verba
517 4105 559 4154 aut
577 4099 730 4152 verberetur”
748 4117 792 4167 pro
809 4101 973 4167 dittographia
990 4101 1079 4167 expuli.

374 4187 401 4250 3)
426 4187 456 4235 In
479 4184 553 4234 schol.
576 4185 639 4249 quod
663 4183 781 4248 sequitur¹
795 4184 829 4246 (3)
854 4182 900 4232 altit
923 4188 958 4232 cst
981 4197 1058 4242 ennea,
1077 4198 1108 4232 cn
1126 4181 1256 4232 verisimile
1274 4182 1306 4233 sit
1323 4182 1414 4233 nescire
1427 4183 1533 4250 potuisse

339 4265 458 4319 ricinum”
475 4267 568 4317 rhetori
585 4267 662 4316 denda
679 4269 741 4316 sunt.
766 4265 796 4314 In
816 4265 906 4315 Mnem.
924 4264 1031 4314 XXXIII
1048 4281 1072 4330 p.
1089 4265 1139 4315 333
1158 4267 1182 4314 ct
1199 4265 1244 4315 boc
1260 4265 1331 4315 omini
1350 4267 1375 4315 et
1391 4265 1439 4338 elia
1456 4267 1534 4316 rheto-

339 4351 389 4401 rica
406 4350 551 4415 interpolata
567 4349 593 4399 in
610 4349 654 4400 hae
667 4363 762 4398 sesenna
783 4348 814 4397 16
824 4347 873 4412 (3),
893 4346 923 4400 11
934 4348 982 4413 (3),
1001 4348 1031 4396 18
1041 4347 1091 4412 (1),
1110 4348 1141 4396 13
1151 4347 1201 4412 (1),
1218 4348 1248 4396 31
1260 4348 1301 4413 (3)
1310 4347 1359 4414 (t),
1377 4348 1417 4398 92.

374 4435 400 4496 3)
420 4434 453 4482 De
472 4432 511 4482 IP
527 4431 643 4483 sermonis
659 4429 797 4481 'terentiani
814 4429 938 4480 laudatore
957 4428 1010 4480 vide
1026 4444 1100 4494 supra
1116 4429 1146 4478 ad
1163 4430 1196 4478 45
1206 4431 1249 4493 (t).
