3450 5382
346 392 411 458 m
864 409 1021 459 emm

387 576 469 641 Ibid.
496 573 539 640 33
573 573 631 640 Sat
652 579 701 640 est

388 681 436 764 (3)
467 683 539 748 Non
562 680 645 746 dixit
670 681 770 760 „bene
795 681 865 747 eat”
891 681 947 747 sed
972 685 1044 760 „eat
1066 683 1146 747 est''.
1216 681 1315 761 Sane;
1343 682 1444 760 „bene
1470 681 1543 746 est''

343 810 405 854 non
425 789 625 867 conveniret;
650 787 689 853 cf.
713 808 794 873 quae
818 786 1012 874 praecedunt
1036 787 1167 866 „Satine
1190 789 1235 853 sio
1258 786 1329 852 est''
1354 793 1386 852 et
1406 808 1543 873 „prope-

344 894 511 960 modum”.

388 1000 470 1065 Ibid.
496 997 539 1063 34
573 999 715 1066 Verbum
740 1000 838 1066 verbo
860 1019 918 1085 par
940 1002 1010 1085 pari
1033 1003 1072 1064 ut
1094 999 1285 1084 respondeas

388 1105 437 1186 (3)
462 1104 533 1170 Duo
557 1105 656 1170 dixit:
683 1127 746 1170 non
771 1109 899 1171 tantum
925 1106 1083 1183 „verbum
1108 1103 1227 1171 verbo”
1252 1104 1307 1170 sed
1334 1124 1412 1189 „par
1435 1105 1541 1190 pari’'.

388 1210 542 1276 Eiusdem
577 1213 717 1276 trutinae
751 1215 801 1276 est
835 1231 871 1277 ac
905 1211 1095 1298 praecedens
1131 1215 1164 1277 et
1198 1210 1284 1296 quod
1318 1211 1466 1295 sequitur
1500 1210 1541 1274 ad

343 1337 390 1382 vs.
417 1315 480 1380 391
506 1316 645 1402 Egomet
669 1339 721 1383 me
744 1319 820 1383 novi
844 1322 877 1383 et
900 1322 1067 1402 peccatum
1092 1337 1213 1395 meum,

389 1424 445 1488 ubi
466 1421 530 1504 (3):
563 1422 636 1489 Duo
655 1423 754 1502 dixit,
775 1429 807 1490 et
826 1424 993 1490 hominem
1012 1424 1168 1510 pavidum
1188 1428 1221 1488 et
1240 1427 1408 1508 peccatum
1428 1442 1540 1509 grave.

387 1635 419 1700 II
444 1634 508 1701 1.4
543 1635 702 1721 Demipho
724 1635 985 1723 indignabundus
1009 1639 1153 1722 primum
1177 1639 1212 1701 in
1235 1635 1350 1715 tilium,
1374 1635 1488 1701 deinde
1507 1637 1542 1700 in

343 1740 478 1820 Getam,
510 1763 591 1828 quos
621 1742 764 1807 nondum
796 1744 977 1828 conspexit,
1011 1745 1057 1808 sic
1088 1741 1264 1808 exclamat:
1293 1743 1385 1808 Hanc
1410 1741 1540 1807 tandem

343 1870 477 1914 uxorem
497 1849 591 1913 duxit
611 1847 752 1933 Antipho
771 1849 897 1914 iniussu
916 1845 1007 1914 meo?
1096 1847 1122 1913 Ο
1141 1848 1264 1914 facinus
1283 1847 1405 1926 audax,
1425 1845 1542 1914 oGeta

343 1958 495 2021 monitor.
532 1952 597 2021 Ge.
622 1959 654 2035 (a
677 1953 790 2035 latere)
814 1952 876 2018 Vix
901 1953 1029 2019 tandem
1054 1953 1134 2035 (scil.
1159 1957 1193 2019 in
1217 1976 1270 2020 me
1293 1956 1471 2039 irrumpit).

390 2061 438 2142 (1)
469 2060 550 2138 „Vix
584 2059 733 2124 tandem'’
765 2062 916 2126 convenit
939 2060 997 2125 hoc
1024 2061 1147 2126 dictum
1171 2063 1219 2138 ei,
1244 2063 1301 2147 qui
1323 2062 1389 2125 iam
1413 2058 1540 2145 pridem

345 2187 378 2232 se
413 2165 497 2232 male
532 2166 642 2232 audire
677 2170 788 2251 putat,
824 2170 856 2230 et
887 2165 959 2231 ideo
991 2187 1061 2231 sero
1093 2165 1223 2238 videtur
1255 2165 1294 2231 ad
1326 2165 1412 2229 huno
1444 2185 1540 2230 senex

345 2275 544 2358 pervenisse,
581 2293 655 2337 cum
690 2270 748 2336 ille
786 2277 933 2337 metuens
971 2292 1004 2336 se
1043 2274 1187 2357 primum
1226 2271 1265 2337 ad
1304 2271 1540 2336 accusationem

346 2378 496 2444 crederet.

414 2484 462 2566 (2)
493 2485 543 2549 An
575 2486 652 2562 „vix
676 2482 827 2549 tandem''
851 2483 890 2548 ad
914 2484 973 2548 hoc
996 2485 1151 2569 pertinet,
1177 2485 1252 2569 quia
1274 2482 1329 2549 ille
1355 2481 1539 2560 „monitor”

346 2589 445 2654 dixit:
478 2588 575 2670 Quasi
606 2589 708 2655 dicat:
740 2591 796 2656 vix
828 2589 958 2655 tandem
981 2589 1104 2654 factum
1129 2596 1194 2667 est,
1219 2595 1257 2653 ut
1280 2610 1333 2654 me
1357 2609 1452 2654 senex
1476 2587 1542 2653 lau-

346 2692 466 2774 dared)
487 2696 660 2780 coepisset,
680 2696 755 2781 quia
776 2695 957 2773 „monitor”
980 2697 1129 2780 quamvis
1147 2697 1182 2760 in
1201 2696 1398 2760 contrarium
1412 2693 1539 2768 dixerit,

344 2807 453 2866 tamen
484 2822 599 2867 nomen
631 2807 680 2867 ast
709 2801 824 2867 laudis.
895 2801 943 2882 (3)
977 2801 1061 2880 „Vix
1091 2801 1243 2868 tandem”
1274 2801 1424 2880 εἰρωνεία,
1450 2801 1540 2885 quasi

348 2928 468 2993 „paena
495 2927 547 2972 me
574 2907 696 2973 oblitus
725 2909 806 2974 est”.
884 2906 931 2989 (4)
959 2907 1009 2971 An
1037 2909 1112 2993 quia
1141 2907 1230 2972 tarde
1255 2907 1295 2971 ad
1318 2926 1450 2972 seruum
1474 2926 1541 2991 per-

345 3016 436 3081 venit
458 3034 569 3094 senex,
594 3035 691 3099 quem
720 3013 775 3079 ilie
806 3014 845 3079 ob
878 3015 1104 3079 conscientiam
1135 3035 1154 3078 a
1185 3033 1219 3078 se
1250 3015 1442 3097 coepturum
1474 3031 1540 3077 esse

345 3117 509 3187 credebat?

391 3226 614 3311 interpretatio
637 3227 671 3290 in
696 3226 745 3308 (1)
768 3228 854 3291 iusta
877 3230 926 3290 eet
948 3225 1076 3290 Donati.
1102 3222 1152 3291 cf.
1174 3222 1381 3288 Dniatzko
1405 3227 1438 3288 et
1462 3221 1543 3288 Slo·

346 3353 436 3397 man
468 3331 507 3396 ad
538 3330 606 3397 h.l.
640 3331 760 3396 Eadem
793 3332 933 3397 breviter
963 3330 1048 3397 redit
1078 3332 1113 3395 in
1146 3327 1205 3409 (4),
1238 3349 1382 3394 necnon
1406 3349 1483 3394 cum
1506 3349 1541 3393 ea

346 3439 504 3522 conspirat
528 3435 699 3522 explicatio
723 3439 842 3503 ironiae
864 3439 900 3500 in
923 3434 981 3516 (3).
1052 3433 1172 3501 Contra
1196 3454 1233 3499 ea
1256 3433 1305 3516 (2)
1327 3433 1433 3499 denuo
1456 3454 1542 3521 egre·

346 3545 440 3628 ginm
471 3541 657 3626 exemplum
688 3543 818 3608 exhibet
848 3544 985 3627 speciosi
1017 3542 1176 3606 acuminis
1206 3539 1390 3625 philosophi
1422 3541 1540 3616 nostri,

347 3647 432 3732 quod
454 3667 511 3731 per
535 3647 618 3724 „an”
644 3651 794 3733 opposuit
825 3648 949 3713 Donato
980 3646 1040 3728 (1),
1073 3648 1129 3732 qui
1161 3644 1249 3710 idem
1280 3645 1384 3722 dedit,
1417 3648 1539 3731 opinor,

348 3750 395 3831 (3)
419 3772 494 3816 nam
526 3757 613 3816 amat
635 3751 674 3817 D.
699 3753 836 3840 figuram
863 3754 1013 3833 ripuarias
1030 3741 1063 3832 ¹),
1087 3751 1184 3837 idque
1207 3753 1349 3836 primum
1374 3752 1485 3836 posuit
1506 3753 1538 3814 in

347 3862 530 3924 commento
553 3864 626 3923 ante
649 3860 708 3940 (1),
733 3859 817 3925 unde
842 3880 915 3925 casu
939 3857 1077 3945 quodam
1101 3856 1232 3922 reccidit
1255 3858 1289 3921 in
1311 3854 1420 3922 locum
1440 3860 1538 3942 poste

346 3966 473 4030 riorem.
505 3963 574 4030 Iam
598 3986 674 4030 vero
700 3965 747 4046 (4)
770 3964 852 4030 alius
876 3972 925 4030 est
947 3966 1097 4050 magistri
1122 3964 1267 4049 quisuis
1291 3961 1398 4026 verbis
1421 3963 1538 4026 iustam

345 4073 641 4158 interpretationem
666 4093 724 4139 sna
747 4074 818 4139 vioe
843 4074 995 4159 opposuit
1018 4069 1140 4135 Editori
1165 4068 1225 4150 (2),
1248 4069 1381 4134 fortasse
1404 4069 1439 4133 in
1462 4087 1541 4133 mar-

346 4180 423 4264 gine
444 4176 535 4244 illius
558 4179 718 4244 editionis.

392 4283 473 4349 Ibid.
498 4283 542 4349 20
578 4285 704 4351 Horum
726 4284 809 4350 nihil
834 4286 1006 4370 quicquam
1029 4281 1150 4348 accidet
1173 4282 1281 4346 animo
1305 4300 1429 4345 nouum

355 4437 548 4444 m—

382 4528 409 4593 1)
427 4528 464 4577 ot.
481 4527 544 4577 intra
563 4527 593 4579 cr
605 4530 646 4591 (a).
