3418 5392
688 361 847 414 rosanus.
1319 345 1361 416 61

210 526 292 593 Ibid.
318 526 362 594 22
397 525 451 592 llli
468 526 615 592 'inridere
639 529 772 606 misere,
798 548 914 592 rerum
938 548 1022 592 unus
1046 529 1153 592 tamen
1172 529 1317 614 impense

211 632 294 699 Don.
326 633 508 719 longiorem
537 633 774 698 adnotationem
809 631 857 714 (3)
893 634 938 697 sic
972 631 1097 698 finivit:
1223 641 1255 699 st
1289 655 1365 700 cum

171 739 330 818 „misere”
362 746 395 804 et
426 740 610 824 „impense”
641 739 729 805 idem
760 738 943 824 significent
973 737 1056 820 (0011.
1081 739 1257 820 hocloco),
1287 762 1364 806 mox

169 851 275 910 tamen
299 847 367 911 sine
391 843 459 910 ullo
482 850 580 910 auctu
604 844 728 910 addidit
752 865 888 923 „varum
913 865 997 910 unus
1020 850 1129 910 tamen
1152 847 1329 931 impense’'.

170 951 295 1036 Nempe
325 951 385 1018 hcc
415 950 487 1016 vult
517 951 609 1030 Don.,
643 950 801 1028 militem,
826 952 890 1014 nisi
914 950 1061 1036 stupidus
1085 957 1183 1028 esset,
1207 953 1241 1015 in
1264 949 1364 1017 altera

169 1059 326 1124 sententia
356 1056 547 1124 adverbium
569 1043 691 1122 maiore
716 1062 831 1134 auctu,
856 1055 960 1122 veluti
984 1057 1207 1134 „miserrime”
1232 1079 1265 1122 v.
1280 1062 1302 1122 t.
1316 1079 1363 1142 0.,

169 1167 402 1248 usurpatorum
432 1163 539 1228 101000.
640 1162 690 1227 ΙΡ
721 1162 842 1228 denuo:
874 1162 922 1243 (4)
947 1162 1014 1227 Aut
1038 1161 1111 1247 plus
1134 1169 1183 1228 est
1208 1163 1365 1242 „misera”

170 1291 267 1358 quam
293 1269 491 1355 „impense”.

212 1375 295 1441 Ibid.
320 1374 375 1442 23.
410 1375 597 1462 Elephantis
620 1397 718 1461 quem
742 1373 860 1441 Indicis
885 1374 1079 1461 praefecerat

213 1482 313 1548 Dum:
342 1482 390 1564 (1)
415 1482 458 1547 llt
483 1483 541 1548 hoc
565 1482 683 1562 stulte,
708 1503 783 1548 cum
806 1483 866 1548 hoc
881 1481 904 1564 ¹)
929 1481 969 1546 ad
992 1482 1186 1568 dignitatem
1210 1483 1312 1547 sumit
1335 1485 1368 1547 et

171 1592 214 1655 010
236 1590 445 1674 pronuntiat3
469 1594 506 1654 ut
529 1610 649 1675 magna
671 1609 740 1655 0000
763 1589 962 1675 praefectura
985 1589 1134 1654 rideatur
1157 1589 1234 1653 haec
1258 1590 1337 1673 ipsa.

160 1693 163 1700 ’
215 1694 266 1760 IP
298 1694 437 1760 addidit:
469 1695 517 1777 (2)
547 1695 589 1760 Et
620 1696 680 1762 hoc
712 1694 868 1761 astolido
892 1694 997 1761 milite
1022 1698 1066 1760 sic
1090 1693 1262 1780 profertur,
1287 1700 1368 1759 tam·

174 1822 271 1887 quam
295 1822 454 1888 magnum
477 1801 643 1867 hominem
665 1800 746 1867 velit
769 1821 854 1878 esse,
879 1802 936 1886 qui
959 1802 1021 1866 sibi
1043 1799 1206 1865 inviderit.

216 1907 299 1973 Ibid.
325 1907 369 1972 40
404 1906 501 1972 Dolet
524 1907 648 1973 dictum
670 1906 870 1993 imprudenti
893 1905 1090 1972 adulescenti
1114 1912 1146 1972 01
1168 1905 1269 1971 libero

218 2013 305 2080 Scite
336 2013 435 2079 Dum:
468 2013 515 2094 (1)
547 2013 646 2079 Deest
673 2013 799 2092 „mihi”
823 2017 861 2078 ut
885 2015 945 2078 sit:
970 2012 1056 2079 dolet
1079 2012 1177 2092 mihi,
1203 2050 1246 2061 -
1271 2011 1318 2093 (2)
1340 2019 1369 2076 01

175 2120 286 2184 dictam
299 2118 502 2202 perticipium
520 2126 575 2199 eat,
595 2120 631 2183 id
648 2121 727 2205 quod
745 2119 854 2183 dictati
874 2118 937 2200 (W.
958 2140 1040 2184 curs.
1061 2117 1110 2186 cf.
1133 2118 1171 2184 ad
1184 2117 1264 2205 prol.
1280 2118 1313 2199 6)
1327 2155 1368 2167 -

175 2226 297 2292 addidit
328 2229 416 2291 enim
439 2228 615 2310 parasitus,
642 2247 705 2311 quc
729 2227 861 2312 gravius
885 2228 928 2290 sit
952 2224 1094 2304 dictum,
1122 2227 1371 2291 commiseratio·

176 2352 248 2397 nam
272 2334 361 2411 0100,
384 2334 419 2396 10
442 2352 538 2416 quem
561 2331 683 2396 dictum
709 2337 774 2410 001,
799 2334 911 2416 utpote
930 2331 1170 2417 imprudentem
1190 2331 1371 2397 adulescen-

176 2444 241 2504 tem
265 2445 299 2504 et
320 2437 479 2517 liberum3
499 2439 559 2502 0011
579 2439 665 2503 enim
685 2437 831 2502 homines
850 2437 966 2503 stultos
985 2436 1087 2503 malos
1107 2438 1210 2502 rideri
1229 2436 1323 2503 vella.

176 2544 224 2609 IP
247 2545 308 2610 hoc
330 2546 375 2609 sic
400 2545 539 2609 variavit
557 2549 594 2608 'et
616 2545 724 2609 auxit:
745 2543 793 2624 (5)
813 2543 855 2608 Et
876 2546 921 2608 sic
940 2543 1050 2609 laudat
1070 2543 1226 2622 militem,
1248 2547 1369 2609 utiam

177 2652 382 2716 miseratione
421 2648 539 2735 dignus
572 2651 615 2714 sit
650 2648 852 2727 adulescens,
887 2656 1011 2726 (cum)
1045 2655 1111 2715 tam
1142 2650 1257 2716 festive
1291 2648 1369 2726 <ille

179 2755 346 2834 mordeat>
361 2754 387 2836 ²)
411 2760 448 2820 01
469 2758 536 2821 iam
558 2757 705 2821 misereri
725 2757 932 2820 inimicorum
957 2761 1058 2822 vacet.

220 2861 303 2928 Ibid.
328 2860 371 2926 55
402 2860 547 2947 Denique
570 2883 628 2947 par
650 2882 707 2947 pro
730 2863 800 2946 pari
823 2862 956 2940 referto,
978 2860 1062 2948 quod
1085 2882 1157 2927 eam
1180 2860 1327 2926 mordeat

222 2967 303 3033 Don.
328 2967 377 3049 (1)
409 2965 544 3046 „Quod”
568 2987 650 3052 par.
727 2966 776 3031 lP
800 2972 895 3053 rogat
917 2966 965 3049 (2)
989 2967 1046 3031 An
1069 2966 1216 3033 absolute
1242 2964 1370 3051 „quod”

178 3095 279 3160 0000
303 3069 390 3140 real
646 3087 649 3094 ·

222 3257 270 3323 Ill
293 3256 361 3323 23
392 3257 507 3324 Meum
530 3259 676 3338 savium,
700 3258 777 3343 quid
801 3255 932 3343 agitur?

223 3365 322 3430 Dan:
355 3363 404 3444 (2)
432 3361 852 3429 concanonicorum.
888 3362 936 3444 (3)
968 3360 1072 3444 „Quid
1100 3360 1231 3449 agitur”
1256 3367 1289 3427 01
1311 3362 1372 3427 hoc

179 3470 391 3536 blandimenti
424 3489 527 3554 genus
557 3475 628 3554 post
659 3468 816 3536 osculum.
898 3468 948 3532 IP
976 3468 1115 3534 addidit:
1148 3468 1211 3535 sed
1242 3468 1316 3533 duri
1339 3473 1372 3534 01

179 3577 314 3661 agrestis
338 3579 396 3640 est.
466 3570 548 3652 (100,Ι
566 3572 704 3660 quaeso?

223 3681 304 3747 Ibid.
328 3680 350 3744 4
385 3680 510 3766 Ecquid
533 3701 591 3745 nos
614 3700 703 3745 amas
727 3680 765 3745 de
788 3680 917 3745 fidicina
941 3677 1044 3746 istacl

224 3787 271 3869 (2)
302 3785 383 3851 Vide
413 3807 476 3851 non
509 3785 695 3871 „puellam”
728 3784 781 3850 scd
815 3785 1020 3862 „fidicinam”
1052 3787 1145 3871 qnasi
1170 3786 1208 3851 ab
1232 3790 1373 3851 amatore

180 3893 298 3960 dictam
321 3898 354 3958 et
378 3913 414 3958 00
434 3898 593 3974 amatore,
614 3893 670 3977 qui
688 3892 779 3976 quasi
798 3911 922 3956 memor
941 3892 983 3956 sit
1002 3893 1081 3956 artis
1101 3911 1164 3977 qua
1184 3890 1372 3967 delectatur,

180 4007 211 4064 et
237 4002 311 4085 quia
334 3996 444 4084 puella
466 4000 510 4064 sit
532 3997 661 4063 aemula
683 3999 879 4075 meretricis,
904 4018 979 4062 narn
1003 4000 1211 4063 meretricum
1235 4001 1283 4062 001
1306 3995 1375 4061 fidi·

181 4108 281 4171 cinam
307 4125 386 4171 0000.

225 4212 360 4276 Acutius
394 4229 491 4296 quam
525 4210 643 4275 verim.
679 4207 776 4275 Μ1100
807 4229 1009 4295 nequaquam
1039 4209 1143 4275 adhuc
1176 4212 1302 4274 amator
1326 4212 1375 4272 est

185 4327 377 4342 *b—

215 4396 241 4456 1)
259 4395 314 4445 V.v.
335 4407 403 4442 ,000
420 4390 480 4442 hcc”
497 4389 641 4440 eliminanda
658 4389 778 4450 videntur,
795 4393 837 4440 aut
853 4389 979 4454 legendum
999 4388 1108 4440 -sumac·'
1130 4388 1310 4455 „pronuntiet'i

215 4475 242 4537 2)
258 4474 406 4527 Sententiam
422 4473 528 4526 indicare
544 4476 645 4524 conatus
661 4487 714 4522 sunu
731 4472 778 4523 loci
794 4473 828 4522 sic
845 4472 966 4538 corruptis
988 4476 1052 4524 ,tam
1070 4472 1154 4523 festive
1172 4471 1196 4522 ri
1216 4470 1269 4522 nt”.
