3418 5392
345 372 391 439 94
864 386 1021 437 scurrus.

343 559 411 634 est,
434 552 519 640 quod
541 553 633 639 quasi
654 552 694 618 cb
717 553 872 617 meritum
894 550 998 616 datur.
1022 551 1196 636 Proprium
1219 551 1307 616 anim
1329 550 1469 617 verbnm
1493 555 1546 617 cst

345 665 399 726 ut:
426 659 545 744 „Optet
566 659 747 744 praemium
770 659 823 723 vir
845 657 937 722 fortis
960 655 1045 742 quod
1069 655 1190 722 volct.”

390 765 470 831 Dsu.
501 765 541 830 ad
571 765 649 830 Aac.
680 762 825 829 11269:
858 763 997 843 Quidam
1020 762 1142 827 donum
1169 784 1208 827 ex
1231 761 1400 828 voluntate
1425 762 1543 828 dicunt

345 873 471 949 venire,
496 891 615 936 munus
638 891 677 935 ex
701 869 820 949 officio;
845 869 975 934 donaris
997 889 1073 934 vero
1095 867 1165 934 loca
1186 869 1220 932 in
1244 868 1391 954 templis,
1416 870 1452 932 iu
1472 870 1547 954 qui-

344 979 406 1044 bus
429 977 511 1042 dona
533 982 707 1062 ponuntur.

389 1083 464 1150 Isid.
494 1082 584 1169 Orig.
608 1081 652 1148 VI
678 1080 730 1146 19.
744 1079 788 1146 26
818 1081 909 1147 Dona
939 1080 1051 1147 divina
1080 1082 1208 1166 propria
1231 1080 1383 1146 dicuntur
1406 1100 1545 1146 munera

344 1191 524 1256 hominum.
560 1185 604 1254 27
633 1187 717 1252 Nam
750 1207 884 1252 munera
908 1185 1060 1251 dicuntur
1084 1186 1253 1271 obsequis,
1279 1207 1360 1272 quae
1383 1206 1545 1273 pauperes

345 1295 501 1362 divitibus
531 1293 600 1359 loco
630 1314 805 1359 munerum
836 1291 976 1358 solvunt.
1008 1292 1122 1378 Itaque
1145 1313 1264 1357 munus
1286 1292 1412 1358 homini
1434 1292 1543 1373 datur,

345 1401 465 1467 donum
489 1399 572 1484 Deo;
596 1399 680 1465 unde
703 1401 803 1465 etiam
826 1401 860 1463 in
884 1397 1015 1484 templis
1039 1398 1169 1464 donaria
1192 1397 1341 1464 dicimus.

390 1505 447 1573 Gr.
471 1505 542 1571 Lat.
563 1503 623 1570 Vll
645 1504 683 1571 de
706 1504 772 1570 diff.
798 1503 875 1569 524.
890 1503 950 1571 16:
975 1503 1099 1570 Munus
1121 1503 1206 1589 quod
1226 1506 1349 1569 amicus
1369 1502 1423 1569 vel
1441 1503 1543 1570 cliens

344 1611 554 1679 collibertus
577 1610 672 1676 officii
696 1631 791 1676 causa
815 1612 969 1690 mittunt,
993 1609 1047 1675 vel
1068 1631 1189 1676 munus
1211 1608 1444 1696 gladiatorium
1451 1631 1460 1691 ;
1488 1610 1543 1676 do·

344 1739 424 1784 num
455 1715 541 1802 quod
564 1715 613 1781 dis
636 1715 748 1781 datur:
772 1715 846 1781 inde
870 1716 928 1781 nbi
951 1715 1032 1782 dous
1054 1721 1219 1801 ponuntur
1242 1715 1412 1780 donarium
1434 1715 1545 1802 appel·

344 1823 442 1890 latur.
482 1823 621 1887 Possunt
656 1827 689 1886 ot
718 1821 775 1887 illa
805 1821 909 1887 nihilo
941 1824 1050 1886 minus
1082 1821 1164 1888 dona
1195 1821 1274 1898 dici,
1307 1841 1388 1906 quae
1419 1821 1544 1887 donant

344 1929 538 2016 pauperibus
561 1926 680 1993 divites
702 1927 755 1993 cel
778 1932 934 2012 potentes.
959 1927 1045 1992 Illud
1067 1948 1194 2013 quoque
1217 1926 1337 1993 donum
1357 1927 1542 2013 putandum

346 2040 411 2114 est,
434 2033 519 2120 quod
542 2032 704 2098 militibus
727 2032 865 2098 donatur
886 2035 921 2097 iu
945 2035 1075 2110 castris,
1099 2038 1138 2096 ut
1160 2031 1292 2098 valleris
1315 2053 1442 2099 corona.

391 2140 534 2226 Denique
565 2137 672 2205 Schol.
705 2139 798 2232 Bern.
831 2139 871 2204 ad
901 2139 1020 2206 Lucan.
1045 2138 1073 2203 V
1095 2161 1127 2224 p.
1154 2139 1230 2216 lll,
1262 2140 1409 2225 quisuis
1433 2140 1541 2206 utitur

347 2245 503 2332 exemplis
538 2245 726 2332 permultis:
762 2245 850 2311 Inter
881 2244 1045 2324 „donum”
1078 2251 1188 2311 autem
1218 2250 1251 2311 et
1284 2243 1447 2324 „munus”
1481 2245 1541 2310 hoc

345 2357 495 2420 interest:
527 2351 646 2416 donum
677 2350 744 2417 dcis
776 2351 907 2429 damus,
939 2371 1058 2416 munus
1088 2351 1284 2416 hominibus.
1317 2348 1479 2436 Virgilius
1502 2350 1542 2415 de

344 2459 529 2526 homiuibus
560 2456 631 2538 (Vll
660 2456 750 2536 291),
792 2457 831 2523 de
861 2457 922 2522 diis
951 2456 1013 2538 (IX
1044 2456 1134 2538 406),
1165 2459 1246 2522 item
1280 2455 1318 2521 de
1352 2456 1542 2522 homiuibus

345 2565 406 2646 (XI
429 2563 508 2643 281)
532 2570 564 2630 et
586 2562 754 2629 Terentius
777 2563 872 2643 (Eion.
897 2563 928 2628 II
955 2562 1042 2644 l.8),
1067 2566 1106 2628 de
1129 2562 1190 2627 diis
1213 2561 1302 2643 (VIII
1327 2561 1417 2641 608).

352 2703 355 2708 ·
391 2669 575 2736 Secundum
605 2668 682 2734 haec
712 2670 899 2735 testimonia
928 2673 1022 2754 (quae
1054 2668 1207 2734 debemus
1229 2667 1395 2733 Wessnero
1418 2669 1454 2732 in
1478 2668 1541 2754 Ap

345 2776 495 2862 peudice,
525 2780 563 2839 ut
588 2780 716 2840 tantum
740 2796 803 2840 non
827 2776 935 2840 omnis
958 2795 1039 2859 quae
1062 2774 1229 2859 hucusque
1253 2775 1351 2839 citavi
1374 2778 1407 2838 et
1430 2779 1542 2860 postea

346 2882 468 2961 citabo,
504 2880 589 2966 quod
618 2885 732 2967 gratus
762 2881 862 2946 refero
873 2886 896 2960 ,)
926 2882 1108 2966 conspirant
1138 2876 1353 2946 Grammatici
1383 2877 1423 2944 de
1459 2878 1540 2945 douo

346 2987 477 3054 deorum
510 2995 543 3051 et
565 2986 603 3052 de
626 3007 759 3054 munere
782 2986 970 3063 homiuum,
994 2991 1027 3052 ct
1050 2984 1257 3051 Danielinum
1281 2983 1441 3051 scholium
1465 3006 1542 3051 cum

346 3095 395 3175 (4)
418 3093 456 3159 de
479 3093 561 3160 dono
584 3114 623 3159 ex
646 3092 831 3170 voluntate,
856 3092 993 3178 denique
1017 3092 1204 3178 exemplum
1228 3089 1341 3157 scholii
1365 3089 1415 3172 (8)
1439 3092 1541 3156 etiam

346 3201 476 3267 exhibet
500 3199 717 3286 Eugrcphius.

353 3341 355 3344 ·
391 3309 439 3374 De
464 3306 647 3393 „praemio”
670 3305 846 3391 loquuntur
869 3310 996 3370 tantum
1019 3303 1248 3371 Commentum
1268 3308 1301 3370 et
1320 3302 1541 3389 Eugmphius‚

346 3416 403 3500 qui
426 3415 515 3479 varis
536 3415 777 3498 excogitarunt:
802 3413 983 3497 praemium
1007 3416 1055 3476 est
1079 3412 1226 3476 virorum
1249 3410 1383 3475 fortium
1402 3409 1462 3490 (2),
1483 3430 1541 3495 pro

346 3520 430 3587 claro
451 3520 590 3584 facinore
612 3518 670 3600 (6),
695 3523 768 3604 post
791 3519 914 3583 factum
938 3516 1034 3582 datur
1056 3515 1114 3598 (3),
1138 3517 1178 3582 ob
1201 3518 1355 3582 meritum
1375 3515 1517 3603 (liugn).

392 3625 466 3691 Alia
489 3629 537 3690 est
560 3626 704 3709 quaestio
728 3627 810 3690 sitne
835 3623 977 3701 „donum
1000 3621 1204 3708 praemium''
1228 3643 1293 3688 una
1314 3623 1403 3688 cotio
1428 3619 1539 3703 (1)(2)

346 3753 386 3802 eu
418 3732 481 3796 duo
510 3751 691 3818 synonyma
714 3730 762 3812 (5)
785 3729 844 3811 (6),
868 3751 908 3795 en
934 3728 1158 3816 „praemium”
1182 3728 1397 3814 praedicative
1421 3731 1464 3793 sit
1487 3749 1541 3813 po-

346 3841 447 3905 situm
471 3838 584 3924 (liugn.
611 3837 754 3917 „donum
777 3836 941 3922 praemio”
967 3841 999 3902 et
1020 3833 1068 3916 (7)
1091 3835 1349 3922 quodammodo).

392 3946 441 4012 Ex
465 3946 515 4012 his
538 3944 740 4030 opinionibus
764 3946 857 4008 unice
880 3946 966 4008 iusta
989 3948 1037 4008 est
1061 3963 1142 4029 quae
1164 3943 1329 4008 invenitur
1347 3941 1382 4004 in
1403 3938 1463 4020 (5),
1484 3940 1538 4004 ubi

346 4051 457 4140 procul
482 4052 579 4117 dubio
603 4049 767 4116 Donatum
792 4048 960 4127 audimus,
985 4050 1042 4134 qui
1065 4069 1140 4114 cum
1162 4047 1301 4113 aliorum
1325 4047 1455 4112 nomine
1478 4045 1536 4111 hoc

345 4159 478 4236 referat,
498 4159 566 4243 ipse
589 4176 753 4242 perperam
773 4156 821 4235 id,
842 4157 964 4240 opinor,
984 4155 1168 4240 proposuit,
1190 4152 1275 4238 quod
1293 4151 1416 4238 legitur
1434 4153 1468 4217 in
1481 4150 1537 4230 (1),

346 4265 404 4330 ubi
437 4264 497 4330 hoc
531 4261 652 4341 voluit,
689 4261 877 4329 Terentium
913 4260 1031 4326 dixisse
1065 4258 1229 4337 „donum”
1261 4279 1317 4344 pro
1351 4255 1535 4337 ‚‚munere''‚

346 4372 423 4457 quia
456 4369 539 4435 illud
574 4370 707 4436 deorum
743 4371 802 4448 sit,
837 4368 898 4434 hoo
927 4367 1115 4443 hominum,
1147 4364 1231 4450 quod
1262 4369 1389 4440 tamen,
1420 4365 1533 4448 quippe

345 4476 552 4543 notissimum
575 4481 614 4540 ut
635 4475 797 4553 uidimus,
820 4475 960 4539 reticuit.
984 4470 1195 4557 interpolator
1218 4472 1287 4556 eius
1310 4475 1452 4538 mentem
1474 4488 1532 4534 nou
