<?xml version="1.0" encoding="UTF-8"?>
<!DOCTYPE html PUBLIC "-//W3C//DTD XHTML 1.0 Transitional//EN"
    "http://www.w3.org/TR/xhtml1/DTD/xhtml1-transitional.dtd">
<html xmlns="http://www.w3.org/1999/xhtml" xml:lang="en" lang="en">
 <head>
  <title>
</title>
<meta http-equiv="Content-Type" content="text/html;charset=utf-8" />
  <meta name='ocr-system' content='tesseract 3.04.00' />
  <meta name='ocr-capabilities' content='ocr_page ocr_carea ocr_par ocr_line ocrx_word'/>
</head>
<body>
  <div class='ocr_page' id='page_1' title='image "./decommentidonat00karsgoog_0039.png"; bbox 0 0 3418 5392; ppageno 0'>
   <div class='ocr_carea' id='block_1_1' title="bbox 346 377 1027 443">
    <p class='ocr_par' dir='ltr' id='par_1_1' title="bbox 346 377 1027 443">
     <span class='ocr_line' id='line_1_1' title="bbox 346 377 1027 443; baseline -0.015 0"><span class='ocrx_word' id='word_1_1' title='bbox 346 377 390 443; x_wconf 79' lang='lat'>26</span> <span class='ocrx_word' id='word_1_2' title='bbox 869 386 1027 436; x_wconf 80' lang='lat' dir='ltr'>uorrrue.</span> 
     </span>
    </p>
   </div>
   <div class='ocr_carea' id='block_1_2' title="bbox 347 551 1546 856">
    <p class='ocr_par' dir='ltr' id='par_1_2' title="bbox 347 551 1546 856">
     <span class='ocr_line' id='line_1_2' title="bbox 352 551 1545 642; baseline -0.007 -16"><span class='ocrx_word' id='word_1_3' title='bbox 352 561 411 626; x_wconf 90' lang='lat' dir='ltr'>suh</span> <span class='ocrx_word' id='word_1_4' title='bbox 445 559 476 637; x_wconf 81' lang='lat'>3,</span> <span class='ocrx_word' id='word_1_5' title='bbox 506 563 603 642; x_wconf 91' lang='lat' dir='ltr'>atque</span> <span class='ocrx_word' id='word_1_6' title='bbox 632 555 754 621; x_wconf 81' lang='lat' dir='ltr'>ibidem</span> <span class='ocrx_word' id='word_1_7' title='bbox 785 555 879 638; x_wconf 85' lang='lat' dir='ltr'>posui</span> <span class='ocrx_word' id='word_1_8' title='bbox 904 551 1121 638; x_wconf 90' lang='lat' dir='ltr'>plurimarum</span> <span class='ocrx_word' id='word_1_9' title='bbox 1143 556 1306 618; x_wconf 77' lang='lat' dir='ltr'>auctorem</span> <span class='ocrx_word' id='word_1_10' title='bbox 1329 572 1405 617; x_wconf 89' lang='lat' dir='ltr'>euru</span> <span class='ocrx_word' id='word_1_11' title='bbox 1428 551 1545 632; x_wconf 86' lang='lat' dir='ltr'>fuisse,</span> 
     </span>
     <span class='ocr_line' id='line_1_3' title="bbox 349 657 1546 752; baseline -0.007 -20"><span class='ocrx_word' id='word_1_12' title='bbox 349 669 406 752; x_wconf 89' lang='lat' dir='ltr'>qui</span> <span class='ocrx_word' id='word_1_13' title='bbox 449 664 565 731; x_wconf 91' lang='lat' dir='ltr'>Donati</span> <span class='ocrx_word' id='word_1_14' title='bbox 608 666 829 727; x_wconf 88' lang='lat' dir='ltr'>commentum</span> <span class='ocrx_word' id='word_1_15' title='bbox 864 662 984 724; x_wconf 88' lang='lat' dir='ltr'>iterum</span> <span class='ocrx_word' id='word_1_16' title='bbox 1019 657 1155 723; x_wconf 76' lang='lat' dir='ltr'>ediderit</span> <span class='ocrx_word' id='word_1_17' title='bbox 1188 660 1342 743; x_wconf 76' lang='lat' dir='ltr'>omneque</span> <span class='ocrx_word' id='word_1_18' title='bbox 1377 679 1546 742; x_wconf 78' lang='lat' dir='ltr'>personam</span> 
     </span>
     <span class='ocr_line' id='line_1_4' title="bbox 347 763 1523 856; baseline -0.007 -18"><span class='ocrx_word' id='word_1_19' title='bbox 347 773 500 856; x_wconf 78' lang='lat' dir='ltr'>descripsi</span> <span class='ocrx_word' id='word_1_20' title='bbox 522 791 554 855; x_wconf 92' lang='lat' dir='ltr'>p.</span> <span class='ocrx_word' id='word_1_21' title='bbox 579 768 599 833; x_wconf 90' lang='grc'><strong>9</strong></span> <span class='ocrx_word' id='word_1_22' title='bbox 623 767 695 833; x_wconf 91' lang='lat' dir='ltr'>adn.</span> <span class='ocrx_word' id='word_1_23' title='bbox 717 765 748 831; x_wconf 89' lang='grc'>3.</span> <span class='ocrx_word' id='word_1_24' title='bbox 773 765 885 850; x_wconf 88' lang='lat' dir='ltr'>ltaque</span> <span class='ocrx_word' id='word_1_25' title='bbox 904 767 982 830; x_wconf 92' lang='lat' dir='ltr'>huic</span> <span class='ocrx_word' id='word_1_26' title='bbox 1003 766 1102 849; x_wconf 88' lang='lat' dir='ltr'>capiti</span> <span class='ocrx_word' id='word_1_27' title='bbox 1126 763 1321 829; x_wconf 86' lang='lat' dir='ltr'>confidenter</span> <span class='ocrx_word' id='word_1_28' title='bbox 1343 765 1523 848; x_wconf 81' lang='lat' dir='ltr'>praescribo</span> 
     </span>
    </p>
   </div>
   <div class='ocr_carea' id='block_1_3' title="bbox 398 953 1509 1128">
    <p class='ocr_par' dir='ltr' id='par_1_3' title="bbox 398 953 1509 1128">
     <span class='ocr_line' id='line_1_5' title="bbox 398 953 1509 1042; baseline -0.009 -16"><span class='ocrx_word' id='word_1_29' title='bbox 398 957 572 1026; x_wconf 79' lang='lat' dir='ltr'>Scholia</span> <span class='ocrx_word' id='word_1_30' title='bbox 594 959 708 1024; x_wconf 84' lang='lat' dir='ltr'>rarii</span> <span class='ocrx_word' id='word_1_31' title='bbox 731 953 902 1042; x_wconf 81' lang='lat' dir='ltr'>generis</span> <span class='ocrx_word' id='word_1_32' title='bbox 924 955 972 1019; x_wconf 96' lang='lat' dir='ltr'>ab</span> <span class='ocrx_word' id='word_1_33' title='bbox 994 954 1168 1019; x_wconf 86' lang='lat' dir='ltr'>Ilditore</span> <span class='ocrx_word' id='word_1_34' title='bbox 1191 955 1445 1039; x_wconf 88' lang='lat' dir='ltr'>praesertim</span> <span class='ocrx_word' id='word_1_35' title='bbox 1467 954 1509 1016; x_wconf 93' lang='lat' dir='ltr'>in</span> 
     </span>
     <span class='ocr_line' id='line_1_6' title="bbox 616 1059 1273 1128; baseline -0.006 0"><span class='ocrx_word' id='word_1_36' title='bbox 616 1062 814 1128; x_wconf 74' lang='lat' dir='ltr'>Eunuchi</span> <span class='ocrx_word' id='word_1_37' title='bbox 837 1067 1114 1127; x_wconf 90' lang='lat' dir='ltr'>commentum</span> <span class='ocrx_word' id='word_1_38' title='bbox 1136 1059 1273 1125; x_wconf 89' lang='lat' dir='ltr'>illata.</span> 
     </span>
    </p>
   </div>
   <div class='ocr_carea' id='block_1_4' title="bbox 349 1227 1548 2160">
    <p class='ocr_par' dir='ltr' id='par_1_4' title="bbox 396 1227 892 1310">
     <span class='ocr_line' id='line_1_7' title="bbox 396 1227 892 1310; baseline -0.01 -13"><span class='ocrx_word' id='word_1_39' title='bbox 396 1231 482 1297; x_wconf 89' lang='lat' dir='ltr'>Prol.</span> <span class='ocrx_word' id='word_1_40' title='bbox 509 1228 527 1296; x_wconf 79' lang='lat'><strong>7</strong></span> <span class='ocrx_word' id='word_1_41' title='bbox 552 1230 615 1310; x_wconf 81' lang='lat' dir='ltr'>Qui</span> <span class='ocrx_word' id='word_1_42' title='bbox 637 1230 717 1295; x_wconf 92' lang='lat' dir='ltr'>hene</span> <span class='ocrx_word' id='word_1_43' title='bbox 739 1227 892 1295; x_wconf 83' lang='lat' dir='ltr'>vertendo</span> 
     </span>
    </p>

    <p class='ocr_par' dir='ltr' id='par_1_5' title="bbox 349 1331 1548 1633">
     <span class='ocr_line' id='line_1_8' title="bbox 396 1331 1544 1418; baseline -0.004 -16"><span class='ocrx_word' id='word_1_44' title='bbox 396 1337 445 1417; x_wconf 81' lang='lat'>(2)</span> <span class='ocrx_word' id='word_1_45' title='bbox 465 1334 666 1414; x_wconf 84' lang='lat' dir='ltr'>„Vertendo”</span> <span class='ocrx_word' id='word_1_46' title='bbox 687 1337 721 1399; x_wconf 91' lang='lat' dir='ltr'>iu</span> <span class='ocrx_word' id='word_1_47' title='bbox 741 1333 891 1398; x_wconf 80' lang='lat' dir='ltr'>Latinam</span> <span class='ocrx_word' id='word_1_48' title='bbox 909 1332 1058 1418; x_wconf 81' lang='lat' dir='ltr'>lingnam</span> <span class='ocrx_word' id='word_1_49' title='bbox 1079 1333 1309 1410; x_wconf 81' lang='lat' dir='ltr'>transferendo,</span> <span class='ocrx_word' id='word_1_50' title='bbox 1331 1337 1369 1397; x_wconf 91' lang='lat' dir='ltr'>ut</span> <span class='ocrx_word' id='word_1_51' title='bbox 1388 1331 1544 1409; x_wconf 91' lang='lat' dir='ltr'>„Plautus</span> 
     </span>
     <span class='ocr_line' id='line_1_9' title="bbox 349 1437 1548 1524; baseline -0.008 -13"><span class='ocrx_word' id='word_1_52' title='bbox 349 1446 449 1511; x_wconf 87' lang='lat' dir='ltr'>vertit</span> <span class='ocrx_word' id='word_1_53' title='bbox 472 1442 625 1508; x_wconf 87' lang='lat' dir='ltr'>barbare&#39;’</span> <span class='ocrx_word' id='word_1_54' title='bbox 652 1438 750 1519; x_wconf 90' lang='lat' dir='ltr'>(Prol.</span> <span class='ocrx_word' id='word_1_55' title='bbox 775 1439 862 1504; x_wconf 75' lang='lat' dir='ltr'>Tria</span> <span class='ocrx_word' id='word_1_56' title='bbox 889 1437 968 1518; x_wconf 90' lang='grc'>19)..</span> <span class='ocrx_word' id='word_1_57' title='bbox 1036 1437 1090 1503; x_wconf 79' lang='lat' dir='ltr'>Sic</span> <span class='ocrx_word' id='word_1_58' title='bbox 1113 1437 1269 1503; x_wconf 89' lang='lat' dir='ltr'>Donatus.</span> <span class='ocrx_word' id='word_1_59' title='bbox 1294 1437 1453 1524; x_wconf 87' lang='lat' dir='ltr'>Opposuit</span> <span class='ocrx_word' id='word_1_60' title='bbox 1476 1438 1548 1504; x_wconf 78' lang='lat' dir='ltr'>Edi·</span> 
     </span>
     <span class='ocr_line' id='line_1_10' title="bbox 350 1544 1049 1633; baseline -0.007 -19"><span class='ocrx_word' id='word_1_61' title='bbox 350 1555 400 1615; x_wconf 89' lang='lat' dir='ltr'>tor</span> <span class='ocrx_word' id='word_1_62' title='bbox 423 1547 471 1633; x_wconf 84' lang='lat'>(3)</span> <span class='ocrx_word' id='word_1_63' title='bbox 494 1549 563 1612; x_wconf 88' lang='lat' dir='ltr'>Aut</span> <span class='ocrx_word' id='word_1_64' title='bbox 587 1544 783 1624; x_wconf 82' lang='lat' dir='ltr'>„vertendo”</span> <span class='ocrx_word' id='word_1_65' title='bbox 808 1544 1049 1630; x_wconf 89' lang='lat' dir='ltr'>corrumpendo.</span> 
     </span>
    </p>

    <p class='ocr_par' dir='ltr' id='par_1_6' title="bbox 396 1649 1409 1735">
     <span class='ocr_line' id='line_1_11' title="bbox 396 1649 1409 1735; baseline -0.006 -15"><span class='ocrx_word' id='word_1_66' title='bbox 396 1653 444 1720; x_wconf 79' lang='lat' dir='ltr'>of.</span> <span class='ocrx_word' id='word_1_67' title='bbox 469 1651 575 1718; x_wconf 81' lang='lat' dir='ltr'>Schol.</span> <span class='ocrx_word' id='word_1_68' title='bbox 601 1651 720 1716; x_wconf 90' lang='lat' dir='ltr'>Bemb:</span> <span class='ocrx_word' id='word_1_69' title='bbox 747 1651 854 1726; x_wconf 91' lang='lat' dir='ltr'>„Bene</span> <span class='ocrx_word' id='word_1_70' title='bbox 877 1649 1054 1716; x_wconf 82' lang='lat' dir='ltr'>vertendo&#39;&#39;</span> <span class='ocrx_word' id='word_1_71' title='bbox 1077 1652 1206 1735; x_wconf 90' lang='lat' dir='ltr'>penitus</span> <span class='ocrx_word' id='word_1_72' title='bbox 1230 1649 1409 1715; x_wconf 75' lang='lat' dir='ltr'>evertendo.</span> 
     </span>
    </p>

    <p class='ocr_par' dir='ltr' id='par_1_7' title="bbox 393 1754 1395 1843">
     <span class='ocr_line' id='line_1_12' title="bbox 393 1754 1395 1843; baseline -0.006 -18"><span class='ocrx_word' id='word_1_73' title='bbox 393 1759 474 1825; x_wconf 91' lang='lat' dir='ltr'>Ibid.</span> <span class='ocrx_word' id='word_1_74' title='bbox 501 1758 580 1843; x_wconf 87' lang='lat' dir='ltr'>9sq.</span> <span class='ocrx_word' id='word_1_75' title='bbox 603 1757 695 1821; x_wconf 91' lang='lat' dir='ltr'>Idem</span> <span class='ocrx_word' id='word_1_76' title='bbox 719 1755 888 1821; x_wconf 88' lang='lat' dir='ltr'>Menandri</span> <span class='ocrx_word' id='word_1_77' title='bbox 913 1754 1053 1820; x_wconf 89' lang='lat' dir='ltr'>Phasma</span> <span class='ocrx_word' id='word_1_78' title='bbox 1074 1776 1159 1819; x_wconf 89' lang='lat' dir='ltr'>nunc</span> <span class='ocrx_word' id='word_1_79' title='bbox 1181 1776 1284 1840; x_wconf 89' lang='lat' dir='ltr'>nuper</span> <span class='ocrx_word' id='word_1_80' title='bbox 1307 1754 1395 1819; x_wconf 86' lang='lat' dir='ltr'>dedit</span> 
     </span>
    </p>

    <p class='ocr_par' dir='ltr' id='par_1_8' title="bbox 606 1860 1223 1947">
     <span class='ocr_line' id='line_1_13' title="bbox 606 1860 1223 1947; baseline -0.005 -20"><span class='ocrx_word' id='word_1_81' title='bbox 606 1864 711 1947; x_wconf 84' lang='lat' dir='ltr'>Atque</span> <span class='ocrx_word' id='word_1_82' title='bbox 734 1864 768 1925; x_wconf 92' lang='lat' dir='ltr'>iu</span> <span class='ocrx_word' id='word_1_83' title='bbox 792 1860 955 1926; x_wconf 75' lang='lat' dir='ltr'>Thesauro</span> <span class='ocrx_word' id='word_1_84' title='bbox 979 1862 1123 1946; x_wconf 87' lang='lat' dir='ltr'>scripsit,</span> <span class='ocrx_word' id='word_1_85' title='bbox 1147 1867 1223 1925; x_wconf 90' lang='lat' dir='ltr'>cett.</span> 
     </span>
    </p>

    <p class='ocr_par' dir='ltr' id='par_1_9' title="bbox 395 1965 1545 2054">
     <span class='ocr_line' id='line_1_14' title="bbox 395 1965 1545 2054; baseline -0.002 -20"><span class='ocrx_word' id='word_1_86' title='bbox 395 1971 444 2050; x_wconf 86' lang='lat'>(1)</span> <span class='ocrx_word' id='word_1_87' title='bbox 475 1970 616 2054; x_wconf 86' lang='lat' dir='ltr'>Apparet</span> <span class='ocrx_word' id='word_1_88' title='bbox 646 1969 912 2052; x_wconf 89' lang='lat' dir='ltr'>pronuntiatum,</span> <span class='ocrx_word' id='word_1_89' title='bbox 944 1970 1036 2051; x_wconf 90' lang='lat' dir='ltr'>quasi</span> <span class='ocrx_word' id='word_1_90' title='bbox 1058 1967 1118 2031; x_wconf 92' lang='lat' dir='ltr'>hoc</span> <span class='ocrx_word' id='word_1_91' title='bbox 1141 1969 1211 2053; x_wconf 87' lang='lat' dir='ltr'>ipso</span> <span class='ocrx_word' id='word_1_92' title='bbox 1235 1965 1440 2032; x_wconf 89' lang='lat' dir='ltr'>admonuerit</span> <span class='ocrx_word' id='word_1_93' title='bbox 1461 1988 1545 2052; x_wconf 82' lang='lat' dir='ltr'>spuo</span> 
     </span>
    </p>

    <p class='ocr_par' dir='ltr' id='par_1_10' title="bbox 353 2072 1466 2160">
     <span class='ocr_line' id='line_1_15' title="bbox 353 2072 1466 2160; baseline -0.002 -20"><span class='ocrx_word' id='word_1_94' title='bbox 353 2080 508 2152; x_wconf 84' lang='lat' dir='ltr'>tutorem,</span> <span class='ocrx_word' id='word_1_95' title='bbox 532 2095 628 2160; x_wconf 91' lang='lat' dir='ltr'>quam</span> <span class='ocrx_word' id='word_1_96' title='bbox 653 2075 792 2158; x_wconf 88' lang='lat' dir='ltr'>turpiter</span> <span class='ocrx_word' id='word_1_97' title='bbox 814 2079 845 2136; x_wconf 91' lang='lat' dir='ltr'>et</span> <span class='ocrx_word' id='word_1_98' title='bbox 867 2075 1018 2157; x_wconf 87' lang='lat' dir='ltr'>imperite</span> <span class='ocrx_word' id='word_1_99' title='bbox 1041 2072 1119 2137; x_wconf 87' lang='lat' dir='ltr'>haec</span> <span class='ocrx_word' id='word_1_100' title='bbox 1142 2072 1251 2137; x_wconf 82' lang='lat' dir='ltr'>fabula</span> <span class='ocrx_word' id='word_1_101' title='bbox 1273 2074 1391 2157; x_wconf 91' lang='lat' dir='ltr'>scripta</span> <span class='ocrx_word' id='word_1_102' title='bbox 1414 2075 1466 2138; x_wconf 89' lang='lat' dir='ltr'>sit.</span> 
     </span>
    </p>
   </div>
   <div class='ocr_carea' id='block_1_5' title="bbox 355 2159 1680 2372">
    <p class='ocr_par' dir='ltr' id='par_1_11' title="bbox 355 2159 1680 2372">
     <span class='ocr_line' id='line_1_16' title="bbox 398 2159 1680 2263; baseline -0.002 -17"><span class='ocrx_word' id='word_1_103' title='bbox 398 2181 447 2261; x_wconf 74' lang='lat'>(2)</span> <span class='ocrx_word' id='word_1_104' title='bbox 478 2181 519 2245; x_wconf 81' lang='lat' dir='ltr'>Elt</span> <span class='ocrx_word' id='word_1_105' title='bbox 551 2181 628 2245; x_wconf 89' lang='lat' dir='ltr'>bene</span> <span class='ocrx_word' id='word_1_106' title='bbox 661 2201 766 2257; x_wconf 91' lang='lat' dir='ltr'>„nunc</span> <span class='ocrx_word' id='word_1_107' title='bbox 797 2177 932 2263; x_wconf 89' lang='lat' dir='ltr'>nuper&#39;&#39;,</span> <span class='ocrx_word' id='word_1_108' title='bbox 964 2183 1002 2242; x_wconf 91' lang='lat' dir='ltr'>ut</span> <span class='ocrx_word' id='word_1_109' title='bbox 1033 2199 1072 2243; x_wconf 85' lang='lat' dir='ltr'>er</span> <span class='ocrx_word' id='word_1_110' title='bbox 1103 2180 1269 2244; x_wconf 83' lang='lat' dir='ltr'>vicinitate</span> <span class='ocrx_word' id='word_1_111' title='bbox 1301 2179 1378 2243; x_wconf 86' lang='lat' dir='ltr'>facti</span> <span class='ocrx_word' id='word_1_112' title='bbox 1401 2178 1547 2244; x_wconf 91' lang='lat' dir='ltr'>ostendat</span> <span class='ocrx_word' id='word_1_113' title='bbox 1679 2159 1680 2204; x_wconf 53' lang='lat'><em>³</em></span> 
     </span>
     <span class='ocr_line' id='line_1_17' title="bbox 355 2282 1680 2372; baseline -0.002 -22"><span class='ocrx_word' id='word_1_114' title='bbox 355 2284 438 2352; x_wconf 88' lang='lat' dir='ltr'>nihil</span> <span class='ocrx_word' id='word_1_115' title='bbox 469 2304 537 2350; x_wconf 88' lang='lat' dir='ltr'>esse</span> <span class='ocrx_word' id='word_1_116' title='bbox 568 2284 753 2363; x_wconf 88' lang='lat' dir='ltr'>dicendum,</span> <span class='ocrx_word' id='word_1_117' title='bbox 787 2305 885 2369; x_wconf 89' lang='lat' dir='ltr'>quam</span> <span class='ocrx_word' id='word_1_118' title='bbox 917 2282 1118 2368; x_wconf 89' lang='lat' dir='ltr'>displicuerit</span> <span class='ocrx_word' id='word_1_119' title='bbox 1148 2283 1226 2348; x_wconf 91' lang='lat' dir='ltr'>haec</span> <span class='ocrx_word' id='word_1_120' title='bbox 1255 2284 1417 2349; x_wconf 89' lang='lat' dir='ltr'>comoedia</span> <span class='ocrx_word' id='word_1_121' title='bbox 1440 2284 1547 2348; x_wconf 85' lang='lat' dir='ltr'>Luscii</span> <span class='ocrx_word' id='word_1_122' title='bbox 1679 2307 1680 2372; x_wconf 51' lang='lat' dir='ltr'>l</span> 
     </span>
    </p>
   </div>
   <div class='ocr_carea' id='block_1_6' title="bbox 353 2390 1548 2791">
    <p class='ocr_par' dir='ltr' id='par_1_12' title="bbox 353 2390 1548 2791">
     <span class='ocr_line' id='line_1_18' title="bbox 355 2390 1546 2476; baseline -0.004 -19"><span class='ocrx_word' id='word_1_123' title='bbox 355 2393 534 2468; x_wconf 85' lang='lat' dir='ltr'>Lanuvini,</span> <span class='ocrx_word' id='word_1_124' title='bbox 566 2396 734 2476; x_wconf 89' lang='lat' dir='ltr'>propterea</span> <span class='ocrx_word' id='word_1_125' title='bbox 763 2390 848 2474; x_wconf 91' lang='lat' dir='ltr'>quod</span> <span class='ocrx_word' id='word_1_126' title='bbox 871 2411 921 2454; x_wconf 91' lang='lat' dir='ltr'>res</span> <span class='ocrx_word' id='word_1_127' title='bbox 944 2410 1053 2454; x_wconf 88' lang='lat' dir='ltr'>recens</span> <span class='ocrx_word' id='word_1_128' title='bbox 1076 2392 1119 2454; x_wconf 89' lang='lat' dir='ltr'>sit</span> <span class='ocrx_word' id='word_1_129' title='bbox 1142 2396 1174 2454; x_wconf 91' lang='lat' dir='ltr'>et</span> <span class='ocrx_word' id='word_1_130' title='bbox 1198 2411 1308 2455; x_wconf 87' lang='lat' dir='ltr'>omnes</span> <span class='ocrx_word' id='word_1_131' title='bbox 1331 2392 1546 2454; x_wconf 87' lang='lat' dir='ltr'>meminerint.</span> 
     </span>
     <span class='ocr_line' id='line_1_19' title="bbox 398 2496 1124 2583; baseline -0.004 -21"><span class='ocrx_word' id='word_1_132' title='bbox 398 2496 446 2577; x_wconf 88' lang='lat'>(3)</span> <span class='ocrx_word' id='word_1_133' title='bbox 470 2497 640 2575; x_wconf 84' lang='lat' dir='ltr'>(Narratur</span> <span class='ocrx_word' id='word_1_134' title='bbox 663 2510 892 2583; x_wconf 78' lang='lat' dir='ltr'>argumentum</span> <span class='ocrx_word' id='word_1_135' title='bbox 917 2496 1124 2576; x_wconf 88' lang='lat' dir='ltr'>Phasmatis).</span> 
     </span>
     <span class='ocr_line' id='line_1_20' title="bbox 398 2601 1548 2688; baseline 0.002 -22"><span class='ocrx_word' id='word_1_136' title='bbox 398 2604 447 2685; x_wconf 88' lang='grc'>(4)</span> <span class='ocrx_word' id='word_1_137' title='bbox 471 2603 591 2668; x_wconf 85' lang='lat' dir='ltr'>Utrum</span> <span class='ocrx_word' id='word_1_138' title='bbox 611 2624 687 2688; x_wconf 81' lang='lat' dir='ltr'>ergo</span> <span class='ocrx_word' id='word_1_139' title='bbox 710 2603 771 2667; x_wconf 93' lang='lat' dir='ltr'>huc</span> <span class='ocrx_word' id='word_1_140' title='bbox 792 2602 877 2666; x_wconf 89' lang='lat' dir='ltr'>dicat</span> <span class='ocrx_word' id='word_1_141' title='bbox 896 2607 951 2681; x_wconf 88' lang='lat' dir='ltr'>(sc.</span> <span class='ocrx_word' id='word_1_142' title='bbox 973 2604 1161 2686; x_wconf 85' lang='lat' dir='ltr'>quaeritur),</span> <span class='ocrx_word' id='word_1_143' title='bbox 1183 2602 1267 2687; x_wconf 93' lang='lat' dir='ltr'>quod</span> <span class='ocrx_word' id='word_1_144' title='bbox 1286 2608 1387 2668; x_wconf 91' lang='lat' dir='ltr'>totam</span> <span class='ocrx_word' id='word_1_145' title='bbox 1407 2601 1548 2668; x_wconf 88' lang='lat' dir='ltr'>fabulam</span> 
     </span>
     <span class='ocr_line' id='line_1_21' title="bbox 353 2706 1547 2791; baseline 0 -18"><span class='ocrx_word' id='word_1_146' title='bbox 353 2709 520 2791; x_wconf 84' lang='lat' dir='ltr'>(Phasma)</span> <span class='ocrx_word' id='word_1_147' title='bbox 552 2707 768 2773; x_wconf 85' lang='lat' dir='ltr'>transferendo</span> <span class='ocrx_word' id='word_1_148' title='bbox 800 2706 928 2772; x_wconf 88' lang='lat' dir='ltr'>laeserit</span> <span class='ocrx_word' id='word_1_149' title='bbox 957 2707 1051 2772; x_wconf 85' lang='lat' dir='ltr'>Lusa.</span> <span class='ocrx_word' id='word_1_150' title='bbox 1082 2707 1218 2785; x_wconf 68' lang='lat' dir='ltr'>Louna,</span> <span class='ocrx_word' id='word_1_151' title='bbox 1250 2729 1290 2773; x_wconf 89' lang='lat' dir='ltr'>an</span> <span class='ocrx_word' id='word_1_152' title='bbox 1321 2729 1383 2774; x_wconf 90' lang='lat' dir='ltr'>non</span> <span class='ocrx_word' id='word_1_153' title='bbox 1407 2708 1486 2786; x_wconf 89' lang='lat' dir='ltr'>hoa,</span> <span class='ocrx_word' id='word_1_154' title='bbox 1510 2708 1547 2773; x_wconf 92' lang='lat' dir='ltr'>de</span> 
     </span>
    </p>
   </div>
   <div class='ocr_carea' id='block_1_7' title="bbox 354 2811 1680 2900">
    <p class='ocr_par' dir='ltr' id='par_1_13' title="bbox 354 2811 1680 2900">
     <span class='ocr_line' id='line_1_22' title="bbox 354 2811 1680 2900; baseline -0.001 -21"><span class='ocrx_word' id='word_1_155' title='bbox 354 2827 416 2899; x_wconf 86' lang='lat' dir='ltr'>quo</span> <span class='ocrx_word' id='word_1_156' title='bbox 441 2819 569 2878; x_wconf 91' lang='lat' dir='ltr'>tantum</span> <span class='ocrx_word' id='word_1_157' title='bbox 592 2812 803 2898; x_wconf 88' lang='lat' dir='ltr'>reprehendat</span> <span class='ocrx_word' id='word_1_158' title='bbox 819 2812 853 2897; x_wconf 89' lang='lat'>¹),</span> <span class='ocrx_word' id='word_1_159' title='bbox 879 2811 933 2876; x_wconf 89' lang='lat' dir='ltr'>sed</span> <span class='ocrx_word' id='word_1_160' title='bbox 957 2811 1008 2876; x_wconf 87' lang='lat' dir='ltr'>his</span> <span class='ocrx_word' id='word_1_161' title='bbox 1033 2814 1134 2899; x_wconf 84' lang='lat' dir='ltr'>signis</span> <span class='ocrx_word' id='word_1_162' title='bbox 1154 2813 1235 2879; x_wconf 79' lang='lat' dir='ltr'>velit</span> <span class='ocrx_word' id='word_1_163' title='bbox 1254 2813 1432 2891; x_wconf 89' lang='lat' dir='ltr'>ostendere,</span> <span class='ocrx_word' id='word_1_164' title='bbox 1454 2835 1548 2900; x_wconf 90' lang='lat' dir='ltr'>quem</span> <span class='ocrx_word' id='word_1_165' title='bbox 1679 2819 1680 2868; x_wconf 70' lang='lat'>1</span> 
     </span>
    </p>
   </div>
   <div class='ocr_carea' id='block_1_8' title="bbox 351 2917 1554 4064">
    <p class='ocr_par' dir='ltr' id='par_1_14' title="bbox 353 2917 1546 3091">
     <span class='ocr_line' id='line_1_23' title="bbox 353 2917 1546 3006; baseline 0.001 -22"><span class='ocrx_word' id='word_1_166' title='bbox 353 2920 440 2984; x_wconf 91' lang='lat' dir='ltr'>dicat</span> <span class='ocrx_word' id='word_1_167' title='bbox 463 2921 580 2985; x_wconf 81' lang='lat' dir='ltr'>vitiose</span> <span class='ocrx_word' id='word_1_168' title='bbox 603 2917 805 2984; x_wconf 88' lang='lat' dir='ltr'>Thesaurum</span> <span class='ocrx_word' id='word_1_169' title='bbox 829 2921 1064 3003; x_wconf 89' lang='lat' dir='ltr'>composuisse,</span> <span class='ocrx_word' id='word_1_170' title='bbox 1088 2925 1126 2983; x_wconf 90' lang='lat' dir='ltr'>ut</span> <span class='ocrx_word' id='word_1_171' title='bbox 1145 2921 1179 2983; x_wconf 91' lang='lat' dir='ltr'>in</span> <span class='ocrx_word' id='word_1_172' title='bbox 1198 2918 1362 2985; x_wconf 78' lang='lat' dir='ltr'>Thesauro</span> <span class='ocrx_word' id='word_1_173' title='bbox 1381 2921 1426 2984; x_wconf 89' lang='lat' dir='ltr'>sit</span> <span class='ocrx_word' id='word_1_174' title='bbox 1445 2918 1546 3006; x_wconf 87' lang='lat' dir='ltr'>culpa,</span> 
     </span>
     <span class='ocr_line' id='line_1_24' title="bbox 353 3025 678 3091; baseline -0.006 0"><span class='ocrx_word' id='word_1_175' title='bbox 353 3047 415 3091; x_wconf 94' lang='lat' dir='ltr'>non</span> <span class='ocrx_word' id='word_1_176' title='bbox 439 3027 472 3088; x_wconf 89' lang='lat' dir='ltr'>iu</span> <span class='ocrx_word' id='word_1_177' title='bbox 496 3025 678 3089; x_wconf 85' lang='lat' dir='ltr'>Phasmate.</span> 
     </span>
    </p>

    <p class='ocr_par' dir='ltr' id='par_1_15' title="bbox 398 3128 1095 3215">
     <span class='ocr_line' id='line_1_25' title="bbox 398 3128 1095 3215; baseline 0 -20"><span class='ocrx_word' id='word_1_178' title='bbox 398 3130 447 3212; x_wconf 87' lang='grc'>(5)</span> <span class='ocrx_word' id='word_1_179' title='bbox 472 3130 623 3215; x_wconf 84' lang='lat' dir='ltr'>„Nuper”</span> <span class='ocrx_word' id='word_1_180' title='bbox 650 3152 687 3195; x_wconf 87' lang='lat' dir='ltr'>ex</span> <span class='ocrx_word' id='word_1_181' title='bbox 711 3128 777 3194; x_wconf 89' lang='lat' dir='ltr'>illis</span> <span class='ocrx_word' id='word_1_182' title='bbox 801 3130 907 3196; x_wconf 80' lang='lat' dir='ltr'>verbis</span> <span class='ocrx_word' id='word_1_183' title='bbox 931 3135 996 3207; x_wconf 91' lang='lat' dir='ltr'>est,</span> <span class='ocrx_word' id='word_1_184' title='bbox 1020 3137 1095 3195; x_wconf 89' lang='lat' dir='ltr'>cett.</span> 
     </span>
    </p>

    <p class='ocr_par' dir='ltr' id='par_1_16' title="bbox 351 3234 1549 3431">
     <span class='ocr_line' id='line_1_26' title="bbox 398 3234 1549 3324; baseline 0.003 -24"><span class='ocrx_word' id='word_1_185' title='bbox 398 3235 448 3317; x_wconf 90' lang='grc'>(6)</span> <span class='ocrx_word' id='word_1_186' title='bbox 480 3236 662 3314; x_wconf 87' lang='lat' dir='ltr'>„Phasma”</span> <span class='ocrx_word' id='word_1_187' title='bbox 694 3235 776 3301; x_wconf 89' lang='lat' dir='ltr'>hanc</span> <span class='ocrx_word' id='word_1_188' title='bbox 807 3234 950 3300; x_wconf 89' lang='lat' dir='ltr'>fabulam</span> <span class='ocrx_word' id='word_1_189' title='bbox 975 3242 1079 3301; x_wconf 87' lang='lat' dir='ltr'>totam</span> <span class='ocrx_word' id='word_1_190' title='bbox 1104 3236 1251 3314; x_wconf 89' lang='lat' dir='ltr'>damnat,</span> <span class='ocrx_word' id='word_1_191' title='bbox 1275 3244 1314 3302; x_wconf 92' lang='lat' dir='ltr'>ut</span> <span class='ocrx_word' id='word_1_192' title='bbox 1337 3244 1485 3324; x_wconf 89' lang='lat' dir='ltr'>apparet,</span> <span class='ocrx_word' id='word_1_193' title='bbox 1509 3240 1549 3303; x_wconf 89' lang='lat' dir='ltr'>si-</span> 
     </span>
     <span class='ocr_line' id='line_1_27' title="bbox 351 3340 1385 3431; baseline 0.001 -24"><span class='ocrx_word' id='word_1_194' title='bbox 351 3342 467 3419; x_wconf 91' lang='lat' dir='ltr'>lentio;</span> <span class='ocrx_word' id='word_1_195' title='bbox 493 3340 694 3406; x_wconf 88' lang='lat' dir='ltr'>Thesaurum</span> <span class='ocrx_word' id='word_1_196' title='bbox 717 3362 792 3408; x_wconf 79' lang='lat' dir='ltr'>vero</span> <span class='ocrx_word' id='word_1_197' title='bbox 816 3363 879 3406; x_wconf 90' lang='lat' dir='ltr'>non</span> <span class='ocrx_word' id='word_1_198' title='bbox 904 3346 1021 3426; x_wconf 85' lang='lat' dir='ltr'>totam,</span> <span class='ocrx_word' id='word_1_199' title='bbox 1048 3341 1102 3406; x_wconf 94' lang='lat' dir='ltr'>sed</span> <span class='ocrx_word' id='word_1_200' title='bbox 1126 3363 1165 3407; x_wconf 84' lang='lat' dir='ltr'>ex</span> <span class='ocrx_word' id='word_1_201' title='bbox 1189 3363 1252 3407; x_wconf 89' lang='lat' dir='ltr'>uno</span> <span class='ocrx_word' id='word_1_202' title='bbox 1276 3342 1355 3408; x_wconf 92' lang='lat' dir='ltr'>loco.</span> <span class='ocrx_word' id='word_1_203' title='bbox 1382 3425 1385 3431; x_wconf 23' lang='lat'><strong>¹</strong></span> 
     </span>
    </p>

    <p class='ocr_par' dir='ltr' id='par_1_17' title="bbox 353 3445 1554 4064">
     <span class='ocr_line' id='line_1_28' title="bbox 398 3445 1550 3534; baseline 0.002 -22"><span class='ocrx_word' id='word_1_204' title='bbox 398 3447 511 3531; x_wconf 91' lang='lat' dir='ltr'>Itaque</span> <span class='ocrx_word' id='word_1_205' title='bbox 541 3449 574 3511; x_wconf 93' lang='lat' dir='ltr'>in</span> <span class='ocrx_word' id='word_1_206' title='bbox 605 3446 703 3512; x_wconf 91' lang='lat' dir='ltr'>schol.</span> <span class='ocrx_word' id='word_1_207' title='bbox 737 3446 784 3526; x_wconf 83' lang='grc'>(1)</span> <span class='ocrx_word' id='word_1_208' title='bbox 816 3446 865 3526; x_wconf 79' lang='grc'>(2)</span> <span class='ocrx_word' id='word_1_209' title='bbox 897 3445 946 3530; x_wconf 84' lang='grc'>(6)</span> <span class='ocrx_word' id='word_1_210' title='bbox 978 3466 1091 3513; x_wconf 79' lang='lat' dir='ltr'>versus</span> <span class='ocrx_word' id='word_1_211' title='bbox 1120 3468 1224 3512; x_wconf 92' lang='lat' dir='ltr'>nonus</span> <span class='ocrx_word' id='word_1_212' title='bbox 1255 3450 1302 3512; x_wconf 92' lang='lat' dir='ltr'>ita</span> <span class='ocrx_word' id='word_1_213' title='bbox 1324 3451 1550 3534; x_wconf 85' lang='lat' dir='ltr'>pronuntiatus</span> 
     </span>
     <span class='ocr_line' id='line_1_29' title="bbox 353 3551 1547 3638; baseline 0.001 -20"><span class='ocrx_word' id='word_1_214' title='bbox 353 3573 421 3618; x_wconf 88' lang='lat' dir='ltr'>esse</span> <span class='ocrx_word' id='word_1_215' title='bbox 452 3551 579 3628; x_wconf 89' lang='lat' dir='ltr'>dicitur,</span> <span class='ocrx_word' id='word_1_216' title='bbox 612 3559 649 3616; x_wconf 92' lang='lat' dir='ltr'>ut</span> <span class='ocrx_word' id='word_1_217' title='bbox 682 3558 789 3616; x_wconf 90' lang='lat' dir='ltr'>totum</span> <span class='ocrx_word' id='word_1_218' title='bbox 819 3551 958 3616; x_wconf 87' lang='lat' dir='ltr'>Phasma</span> <span class='ocrx_word' id='word_1_219' title='bbox 984 3573 1060 3618; x_wconf 85' lang='lat' dir='ltr'>voce</span> <span class='ocrx_word' id='word_1_220' title='bbox 1083 3557 1116 3617; x_wconf 90' lang='lat' dir='ltr'>et</span> <span class='ocrx_word' id='word_1_221' title='bbox 1136 3559 1233 3638; x_wconf 82' lang='lat' dir='ltr'>gestu</span> <span class='ocrx_word' id='word_1_222' title='bbox 1257 3553 1472 3633; x_wconf 87' lang='lat' dir='ltr'>damnaretur,</span> <span class='ocrx_word' id='word_1_223' title='bbox 1496 3555 1547 3621; x_wconf 92' lang='lat' dir='ltr'>sed</span> 
     </span>
     <span class='ocr_line' id='line_1_30' title="bbox 354 3657 1550 3745; baseline 0.003 -22"><span class='ocrx_word' id='word_1_224' title='bbox 354 3659 501 3734; x_wconf 88' lang='lat' dir='ltr'>silentio,</span> <span class='ocrx_word' id='word_1_225' title='bbox 533 3657 564 3722; x_wconf 93' lang='lat' dir='ltr'>h.</span> <span class='ocrx_word' id='word_1_226' title='bbox 585 3678 610 3722; x_wconf 90' lang='lat' dir='ltr'>e.</span> <span class='ocrx_word' id='word_1_227' title='bbox 636 3659 703 3721; x_wconf 90' lang='lat' dir='ltr'>sine</span> <span class='ocrx_word' id='word_1_228' title='bbox 726 3667 835 3742; x_wconf 87' lang='lat' dir='ltr'>aperta</span> <span class='ocrx_word' id='word_1_229' title='bbox 857 3658 1108 3743; x_wconf 88' lang='lat' dir='ltr'>reprehensione,</span> <span class='ocrx_word' id='word_1_230' title='bbox 1135 3661 1209 3743; x_wconf 88' lang='lat' dir='ltr'>quia</span> <span class='ocrx_word' id='word_1_231' title='bbox 1231 3666 1423 3745; x_wconf 88' lang='lat' dir='ltr'>spectatores</span> <span class='ocrx_word' id='word_1_232' title='bbox 1447 3661 1550 3726; x_wconf 91' lang='lat' dir='ltr'>adhuc</span> 
     </span>
     <span class='ocr_line' id='line_1_31' title="bbox 355 3762 1551 3850; baseline 0.003 -22"><span class='ocrx_word' id='word_1_233' title='bbox 355 3764 579 3839; x_wconf 88' lang='lat' dir='ltr'>meminerint,</span> <span class='ocrx_word' id='word_1_234' title='bbox 609 3768 803 3847; x_wconf 89' lang='lat' dir='ltr'>quantopere</span> <span class='ocrx_word' id='word_1_235' title='bbox 828 3762 1036 3848; x_wconf 88' lang='lat' dir='ltr'>displicuerit.</span> <span class='ocrx_word' id='word_1_236' title='bbox 1083 3763 1177 3829; x_wconf 83' lang='lat' dir='ltr'>quta</span> <span class='ocrx_word' id='word_1_237' title='bbox 1200 3765 1281 3830; x_wconf 92' lang='lat' dir='ltr'>hanc</span> <span class='ocrx_word' id='word_1_238' title='bbox 1304 3765 1551 3850; x_wconf 86' lang='lat' dir='ltr'>explicationem</span> 
     </span>
     <span class='ocr_line' id='line_1_32' title="bbox 353 3867 1552 3957; baseline 0.003 -23"><span class='ocrx_word' id='word_1_239' title='bbox 353 3872 388 3934; x_wconf 89' lang='lat' dir='ltr'>in</span> <span class='ocrx_word' id='word_1_240' title='bbox 410 3867 546 3949; x_wconf 59' lang='lat' dir='ltr'>(ltalia</span> <span class='ocrx_word' id='word_1_241' title='bbox 570 3869 768 3952; x_wconf 87' lang='lat' dir='ltr'>proponitur,</span> <span class='ocrx_word' id='word_1_242' title='bbox 794 3889 908 3954; x_wconf 90' lang='lat' dir='ltr'>nempe</span> <span class='ocrx_word' id='word_1_243' title='bbox 932 3890 1063 3935; x_wconf 78' lang='lat' dir='ltr'>versum</span> <span class='ocrx_word' id='word_1_244' title='bbox 1087 3890 1209 3935; x_wconf 92' lang='lat' dir='ltr'>nonum</span> <span class='ocrx_word' id='word_1_245' title='bbox 1232 3870 1292 3936; x_wconf 88' lang='lat' dir='ltr'>hoc</span> <span class='ocrx_word' id='word_1_246' title='bbox 1314 3877 1443 3936; x_wconf 90' lang='lat' dir='ltr'>tantum</span> <span class='ocrx_word' id='word_1_247' title='bbox 1467 3893 1552 3957; x_wconf 84' lang='lat' dir='ltr'>spec</span> 
     </span>
     <span class='ocr_line' id='line_1_33' title="bbox 355 3974 1554 4064; baseline 0.004 -26"><span class='ocrx_word' id='word_1_248' title='bbox 355 3982 441 4051; x_wconf 89' lang='lat' dir='ltr'>tare,</span> <span class='ocrx_word' id='word_1_249' title='bbox 466 3980 504 4038; x_wconf 88' lang='lat' dir='ltr'>ut</span> <span class='ocrx_word' id='word_1_250' title='bbox 528 3976 691 4038; x_wconf 90' lang='lat' dir='ltr'>mentione</span> <span class='ocrx_word' id='word_1_251' title='bbox 715 3974 896 4040; x_wconf 88' lang='lat' dir='ltr'>comoediae</span> <span class='ocrx_word' id='word_1_252' title='bbox 921 3996 1022 4060; x_wconf 89' lang='lat' dir='ltr'>nuper</span> <span class='ocrx_word' id='word_1_253' title='bbox 1046 3996 1063 4040; x_wconf 98' lang='lat' dir='ltr'>a</span> <span class='ocrx_word' id='word_1_254' title='bbox 1087 3974 1234 4042; x_wconf 87' lang='lat' dir='ltr'>Terentio</span> <span class='ocrx_word' id='word_1_255' title='bbox 1258 3976 1368 4064; x_wconf 88' lang='lat' dir='ltr'>doctae</span> <span class='ocrx_word' id='word_1_256' title='bbox 1387 3999 1554 4064; x_wconf 78' lang='lat' dir='ltr'>eognosca-</span> 
     </span>
    </p>
   </div>
   <div class='ocr_carea' id='block_1_9' title="bbox 354 4079 1552 4270">
    <p class='ocr_par' dir='ltr' id='par_1_18' title="bbox 354 4079 1552 4270">
     <span class='ocr_line' id='line_1_34' title="bbox 354 4079 1552 4172; baseline 0.005 -28"><span class='ocrx_word' id='word_1_257' title='bbox 354 4086 418 4156; x_wconf 90' lang='lat' dir='ltr'>tur,</span> <span class='ocrx_word' id='word_1_258' title='bbox 440 4081 512 4162; x_wconf 91' lang='lat' dir='ltr'>quis</span> <span class='ocrx_word' id='word_1_259' title='bbox 532 4085 643 4144; x_wconf 90' lang='lat' dir='ltr'>auctor</span> <span class='ocrx_word' id='word_1_260' title='bbox 662 4081 704 4144; x_wconf 87' lang='lat' dir='ltr'>sit</span> <span class='ocrx_word' id='word_1_261' title='bbox 724 4079 898 4159; x_wconf 78' lang='lat' dir='ltr'>Thesauri,</span> <span class='ocrx_word' id='word_1_262' title='bbox 919 4083 1011 4146; x_wconf 92' lang='lat' dir='ltr'>cuius</span> <span class='ocrx_word' id='word_1_263' title='bbox 1031 4080 1121 4146; x_wconf 87' lang='lat' dir='ltr'>locus</span> <span class='ocrx_word' id='word_1_264' title='bbox 1132 4082 1376 4167; x_wconf 88' lang='lat' dir='ltr'>reprehenditur</span> <span class='ocrx_word' id='word_1_265' title='bbox 1388 4105 1435 4150; x_wconf 87' lang='lat' dir='ltr'>vs.</span> <span class='ocrx_word' id='word_1_266' title='bbox 1451 4085 1494 4150; x_wconf 90' lang='grc'>10</span> <span class='ocrx_word' id='word_1_267' title='bbox 1506 4107 1552 4172; x_wconf 90' lang='lat' dir='ltr'>sq.</span> 
     </span>
     <span class='ocr_line' id='line_1_35' title="bbox 399 4183 1550 4270; baseline 0.009 -22"><span class='ocrx_word' id='word_1_268' title='bbox 399 4186 492 4249; x_wconf 90' lang='lat' dir='ltr'>Prior</span> <span class='ocrx_word' id='word_1_269' title='bbox 515 4183 685 4270; x_wconf 82' lang='lat' dir='ltr'>explicatio</span> <span class='ocrx_word' id='word_1_270' title='bbox 709 4189 802 4252; x_wconf 91' lang='lat' dir='ltr'>unice</span> <span class='ocrx_word' id='word_1_271' title='bbox 826 4189 912 4252; x_wconf 87' lang='lat' dir='ltr'>iusta</span> <span class='ocrx_word' id='word_1_272' title='bbox 936 4193 1000 4266; x_wconf 88' lang='lat' dir='ltr'>est,</span> <span class='ocrx_word' id='word_1_273' title='bbox 1025 4209 1099 4253; x_wconf 90' lang='lat' dir='ltr'>nam</span> <span class='ocrx_word' id='word_1_274' title='bbox 1120 4192 1208 4253; x_wconf 90' lang='lat' dir='ltr'>totus</span> <span class='ocrx_word' id='word_1_275' title='bbox 1227 4187 1316 4254; x_wconf 90' lang='lat' dir='ltr'>locus</span> <span class='ocrx_word' id='word_1_276' title='bbox 1335 4189 1409 4255; x_wconf 92' lang='lat' dir='ltr'>inde</span> <span class='ocrx_word' id='word_1_277' title='bbox 1430 4211 1448 4255; x_wconf 95' lang='lat' dir='ltr'>a</span> <span class='ocrx_word' id='word_1_278' title='bbox 1468 4189 1550 4258; x_wconf 80' lang='lat' dir='ltr'>rs.7</span> 
     </span>
    </p>
   </div>
   <div class='ocr_carea' id='block_1_10' title="bbox 359 4337 554 4347">
    <p class='ocr_par' dir='ltr' id='par_1_19' title="bbox 359 4337 554 4347">
     <span class='ocr_line' id='line_1_36' title="bbox 359 4337 554 4347; baseline -0.005 -1"><span class='ocrx_word' id='word_1_279' title='bbox 359 4337 554 4347; x_wconf 56' lang='grc' dir='ltr'>*ιι-</span> 
     </span>
    </p>
   </div>
   <div class='ocr_carea' id='block_1_11' title="bbox 353 4411 1550 4562">
    <p class='ocr_par' dir='ltr' id='par_1_20' title="bbox 353 4411 1550 4562">
     <span class='ocr_line' id='line_1_37' title="bbox 388 4411 1550 4478; baseline 0.005 -17"><span class='ocrx_word' id='word_1_280' title='bbox 388 4413 414 4478; x_wconf 92' lang='lat' dir='ltr'>l)</span> <span class='ocrx_word' id='word_1_281' title='bbox 437 4413 513 4462; x_wconf 84' lang='lat' dir='ltr'>Locus</span> <span class='ocrx_word' id='word_1_282' title='bbox 536 4416 664 4476; x_wconf 84' lang='lat' dir='ltr'>corruptus</span> <span class='ocrx_word' id='word_1_283' title='bbox 689 4411 794 4463; x_wconf 86' lang='lat' dir='ltr'>videtur.</span> <span class='ocrx_word' id='word_1_284' title='bbox 819 4413 901 4463; x_wconf 83' lang='lat' dir='ltr'>Placet</span> <span class='ocrx_word' id='word_1_285' title='bbox 919 4412 990 4463; x_wconf 82' lang='lat' dir='ltr'>lectio</span> <span class='ocrx_word' id='word_1_286' title='bbox 1008 4413 1118 4463; x_wconf 80' lang='lat' dir='ltr'>Zennii</span> <span class='ocrx_word' id='word_1_287' title='bbox 1136 4420 1161 4464; x_wconf 88' lang='lat' dir='ltr'>et</span> <span class='ocrx_word' id='word_1_288' title='bbox 1177 4414 1304 4466; x_wconf 74' lang='lat' dir='ltr'>Tabiaer</span> <span class='ocrx_word' id='word_1_289' title='bbox 1327 4429 1372 4465; x_wconf 68' lang='lat' dir='ltr'>‚en</span> <span class='ocrx_word' id='word_1_290' title='bbox 1389 4415 1435 4465; x_wconf 87' lang='lat' dir='ltr'>hoe</span> <span class='ocrx_word' id='word_1_291' title='bbox 1454 4418 1550 4467; x_wconf 85' lang='lat' dir='ltr'>tautum</span> 
     </span>
     <span class='ocr_line' id='line_1_38' title="bbox 353 4495 755 4562; baseline 0.005 -16"><span class='ocrx_word' id='word_1_292' title='bbox 353 4495 424 4558; x_wconf 80' lang='lat' dir='ltr'>diost,</span> <span class='ocrx_word' id='word_1_293' title='bbox 442 4511 490 4546; x_wconf 90' lang='lat' dir='ltr'>nou</span> <span class='ocrx_word' id='word_1_294' title='bbox 507 4511 554 4561; x_wconf 90' lang='lat' dir='ltr'>quo</span> <span class='ocrx_word' id='word_1_295' title='bbox 572 4495 755 4562; x_wconf 84' lang='lat' dir='ltr'>reprehendat”.</span> 
     </span>
    </p>
   </div>
   <div class='ocr_carea' id='block_1_12' title="bbox 0 0 1716 5392">
    <p class='ocr_par' dir='ltr' id='par_1_21' title="bbox 0 0 1716 5392">
     <span class='ocr_line' id='line_1_39' title="bbox 0 0 1716 5392; baseline 0 0"><span class='ocrx_word' id='word_1_296' title='bbox 0 0 1716 5392; x_wconf 95' lang='lat' dir='ltr'> </span> 
     </span>
    </p>
   </div>
  </div>
 </body>
</html>
