3450 5382
414 734 584 803 Scholia
609 737 719 824 varii
742 737 915 822 generis
937 735 985 800 ab
1007 734 1183 801 Editore
1206 735 1464 821 pracsertim
1488 736 1528 800 in

600 856 871 923 Phormionis
893 862 1173 922 commentum
1196 855 1335 922 illata.

413 1106 499 1174 Prol.
522 1106 568 1173 20
602 1107 784 1174 Benedictis
806 1109 835 1172 si
858 1113 1010 1174 certasset
1032 1107 1175 1173 audisset
1198 1108 1278 1173 bene

414 1213 495 1280 Don.
516 1214 564 1295 (1)
588 1215 674 1280 Bene
695 1214 900 1292 „certasset'',
920 1216 997 1299 quia
1016 1234 1113 1300 supra
1131 1219 1193 1292 (vs.
1208 1212 1266 1292 16)
1285 1212 1366 1278 dixit
1389 1215 1444 1291 „in
1457 1212 1566 1279 medio

369 1321 519 1386 omnibus
550 1319 692 1405 palmam
723 1341 791 1386 esse
822 1320 996 1404 positam”‚
1021 1357 1064 1368 -
1089 1321 1181 1404 quasi
1211 1319 1313 1384 dicat:
1345 1318 1500 1405 quioquid
1531 1320 1566 1383 in

367 1433 528 1491 certamen
551 1429 694 1504 venerit,
717 1428 752 1490 in
774 1447 811 1490 eo
834 1424 1007 1492 vincendos
1029 1424 1173 1490 aemulos
1196 1446 1275 1490 esse.
1345 1424 1393 1506 (2)
1420 1423 1568 1504 „Certae-

367 1533 488 1597 tasset''
519 1531 589 1596 ivri
622 1537 675 1595 τοῦ
708 1532 973 1618 „provocasset’':
1006 1531 1046 1596 ab
1069 1553 1106 1596 eo
1130 1530 1215 1617 quod
1237 1530 1398 1617 praecedit
1420 1530 1454 1595 id
1479 1530 1566 1616 quod

367 1641 523 1723 sequitur.
544 1637 706 1725 Vergilius
727 1659 806 1716 „nec
825 1643 856 1703 te
876 1642 1012 1702 certasse
1032 1640 1171 1722 priorem
1191 1635 1514 1722 poeniteat’'(1548)
1541 1643 1564 1717 ).

414 1743 623 1829 Nequaquam
646 1764 762 1808 verum
786 1749 835 1808 est
860 1743 1054 1820 „certasset”
1078 1743 1111 1808 h.
1123 1741 1147 1808 1.
1172 1741 1351 1830 significare
1378 1763 1568 1828 „prouocas-

367 1851 448 1928 set”,
469 1871 570 1936 neque
589 1851 667 1914 haec
687 1853 844 1916 sententia
865 1850 930 1913 fuit
953 1847 1087 1927 Donati,
1112 1855 1149 1914 ut
1173 1848 1311 1914 ostendit
1332 1847 1491 1913 scholium
1505 1848 1565 1928 (1).

367 1955 491 2022 Eadem
522 1957 735 2042 repugnantia
766 1957 870 2021 estin
893 1954 1023 2020 scholiis
1046 1953 1086 2019 ad
1108 1953 1216 2020 locum
1240 1952 1386 2040 Vergilii,
1411 1955 1469 2019 ubi
1492 1959 1566 2039 poet

367 2061 537 2139 Servium,
569 2064 625 2147 qui
652 2063 756 2147 igitur
778 2065 994 2146 repraesentat
1016 2061 1315 2145 interpretationem
1341 2058 1479 2137 Donati,
1504 2059 1566 2124 Da-

368 2167 444 2232 niel.
469 2170 515 2232 sio
539 2169 663 2254 pergit:
687 2166 769 2232 Sane
793 2174 929 2233 certasse
953 2167 1086 2253 quidam
1108 2187 1297 2253 provocasse
1320 2169 1501 2252 accipiunt,
1527 2173 1565 2231 ut

368 2272 536 2338 Terentius
563 2271 744 2351 „beneficiis
768 2275 796 2337 si
818 2278 971 2339 certasset
994 2273 1136 2339 audisset
1159 2273 1272 2338 bene''.
1341 2272 1385 2337 ut
1406 2273 1483 2338 hinc
1503 2273 1567 2338 for·

369 2383 453 2444 tasse
476 2378 534 2444 hd.
560 2400 657 2444 suum
681 2381 838 2464 sumpsit,
864 2378 981 2444 addens
1005 2399 1110 2444 caram
1136 2379 1199 2445 sibi
1222 2377 1414 2456 formulam,
1440 2379 1478 2444 de
1504 2400 1568 2464 qua

368 2485 441 2551 uide
472 2505 568 2570 supra
597 2507 628 2570 p.
663 2483 706 2550 78
738 2485 777 2550 ad
808 2484 892 2550 uun.
923 2483 967 2550 IV
1000 2485 1030 2551 6.
1045 2484 1099 2550 24.
1146 2483 1214 2550 Nec
1245 2505 1308 2550 non
1335 2484 1441 2550 eidem
1465 2486 1568 2551 tribu-

368 2591 488 2657 endum
519 2593 649 2656 videtur
679 2590 935 2657 additamentum
968 2593 1002 2655 in
1033 2590 1081 2672 (1)
1113 2593 1225 2677 „quasi
1249 2589 1354 2656 dicat’'
1378 2595 1465 2668 cett,
1489 2613 1566 2658 nam

368 2697 451 2762 nihil
474 2697 537 2762 tale
562 2697 681 2763 dicitur
705 2704 762 2763 aut
785 2701 933 2763 innuitur
955 2700 989 2762 in
1014 2703 1106 2763 textu
1130 2699 1243 2762 autin
1268 2699 1374 2763 verbis
1400 2696 1530 2763 Donati.

413 2803 494 2868 ibid.
519 2802 562 2868 23
598 2803 645 2869 De
669 2802 727 2869 illo
749 2806 816 2869 iam
839 2804 937 2869 finem
959 2804 1075 2870 faciam
1099 2802 1229 2868 dicundi
1254 2805 1345 2880 mihi,

594 2909 750 2975 Peccandi
774 2931 848 2974 eum
871 2911 940 2996 ipse
964 2910 1002 2974 de
1025 2932 1058 2975 sa
1082 2909 1179 2975 finem
1201 2931 1264 2976 non
1287 2910 1365 2975 facit

411 3016 462 3095 (1)
485 3014 699 3082 Maledicendi
721 3037 762 3081 an
784 3013 955 3101 peccandi?
1024 3016 1074 3096 (2)
1097 3016 1193 3080 Prius
1218 3037 1294 3102 ego,
1318 3017 1440 3101 inquit,
1466 3015 1563 3081 finem

367 3124 481 3189 faciam
513 3143 610 3209 quam
641 3126 710 3209 ipse
742 3123 780 3188 de
811 3144 854 3188 se.
924 3121 971 3204 (3)
1004 3122 1046 3187 ht
1076 3125 1166 3208 prius
1198 3144 1258 3209 ego
1288 3122 1413 3188 dicendi
1445 3123 1561 3189 faciam

367 3250 464 3315 quam
485 3228 543 3294 ille
566 3228 715 3316 peccandi
738 3227 845 3294 finem.

412 3335 545 3400 Futtilis
573 3336 698 3422 rogatio
721 3336 755 3399 in
779 3334 827 3415 (1)
852 3332 976 3400 Donato
1000 3334 1102 3400 danda
1125 3334 1354 3428 nonflvidetur.
1374 3334 1564 3402 Wessner

326 3432 329 3435 ’
366 3443 522 3506 correxit:
545 3461 586 3505 an
607 3437 730 3525 (vers)
754 3440 916 3526 peccandi.
953 3440 1177 3525 interpretatio
1197 3443 1231 3505 in
1251 3440 1298 3520 (2)
1319 3439 1399 3505 falsa
1418 3446 1467 3506 est
1487 3461 1562 3506 cum

368 3545 428 3624 „de
451 3546 505 3610 se''
531 3567 595 3611 non
618 3549 775 3631 pertineat
798 3547 837 3611 ad
863 3546 981 3625 „finem
1002 3547 1110 3624 facit'’‚
1130 3546 1184 3612 sed
1204 3547 1243 3611 ad
1267 3545 1483 3632 ‚,ipse''=ex
1506 3567 1562 3611 aua

366 3652 469 3736 ipsius
500 3650 668 3716 voluntate
699 3650 900 3731 (Slomam
935 3653 997 3728 „he
1029 3673 1069 3718 on
1101 3652 1151 3717 his
1183 3651 1298 3732 sidc'’).
1335 3650 1482 3738 Denique
1513 3651 1560 3732 (3)

366 3760 458 3842 quasi
482 3757 745 3843 supplementum
769 3763 818 3824 est
841 3758 1076 3844 praecedentis,
1101 3780 1240 3844 quocum
1260 3760 1394 3824 fortasse
1412 3761 1561 3824 iunctum

365 3865 446 3942 fuit,
468 3867 505 3928 ut
524 3869 700 3950 utrumque
720 3864 845 3931 Editori
867 3863 1006 3930 dandum
1027 3867 1079 3929 sit.
1104 3864 1221 3930 Donati
1241 3863 1340 3951 schol.
1355 3863 1398 3930 22
1411 3865 1476 3945 (l):
1500 3865 1561 3943 „ut

367 3971 491 4050 „mihi”
514 3977 545 4037 et
569 3971 628 4050 „de
643 3971 697 4037 se”
719 3973 845 4057 proprie
865 3973 1008 4056 positum
1029 3977 1093 4051 est;
1115 3976 1147 4036 et
1166 3977 1329 4055 praeterea
1342 3970 1558 4050 appianus,

366 4077 505 4143 ostendit
535 4100 611 4144 eum
644 4081 779 4144 sensisse
805 4077 865 4155 „de
889 4077 943 4143 se’'
968 4078 1161 4164 ambiguum
1186 4098 1264 4144 esse.
1296 4076 1480 4157 Sloman,
1506 4079 1559 4163 qui

365 4185 400 4247 in
423 4182 471 4248 ed.
497 4184 626 4250 Oxford.
655 4183 741 4250 1899
766 4182 870 4250 muita
890 4188 983 4250 acute
1002 4184 1196 4262 observavit,
1219 4184 1252 4248 h.
1265 4183 1288 4250 1.
1308 4184 1422 4249 habet:
1445 4183 1513 4263 „Dc
1531 4203 1560 4247 ac

400 4459 427 4526 1)
445 4459 546 4508 Prorsus
563 4458 626 4508 idam
644 4458 735 4522 legitur
752 4458 777 4508 in
794 4458 873 4510 Schol.
892 4457 974 4511 Bemb.
994 4459 1079 4508 Herm.
1097 4457 1123 4508 II
1142 4456 1198 4512 877.
