3418 5392
342 379 384 446 58
856 395 1013 444 nonanus.

389 560 469 626 Ibid.
502 559 545 626 82
576 559 624 641 (l)
657 558 796 639 „Oibum
826 580 890 625 una
915 560 1043 646 capias”
1066 562 1146 626 bene
1169 583 1283 630 servus
1305 568 1542 634 interturbavit

342 688 438 753 supra
461 667 559 732 dictas
583 665 711 731 amandi
733 665 832 732 lineas
856 668 888 730 et
911 666 1058 731 ordinem
1081 666 1312 754 voluptatum,
1337 674 1460 758 quippe
1484 676 1541 759 qui

288 828 290 835 .
341 793 447 838 amare
469 794 531 837 non
554 774 688 838 noverit.
757 772 828 837 Hoc
847 773 944 836 nimis
963 771 1156 852 ridiculum,
1179 775 1326 843 servulos
1346 798 1456 844 amare
1475 800 1539 844 non

340 875 452 944 nessei
476 875 522 942 Aa
545 877 632 942 dedit
656 878 713 943 hoc
735 877 786 942 IP
810 880 900 963 quasi
923 876 1188 964 supplementum
1214 881 1328 948 scholii
1348 887 1401 949 sui
1422 882 1492 966 76(
1517 891 1539 967 ),

339 991 376 1050 ut
395 982 568 1050 declararet
588 1004 644 1048 cur
664 986 760 1049 tertia
780 988 812 1048 et
832 989 945 1067 quarta
962 981 1048 1048 linea
1068 988 1186 1050 amoris
1207 987 1364 1054 abessent.
1428 989 1463 1056 S.
1488 1011 1515 1056 c.

387 1088 467 1155 Ibid.
492 1087 534 1154 83
566 1088 701 1155 lllarum
804 1092 972 1174 quisquam

386 1195 435 1275 (l)
456 1192 529 1259 Ideo
554 1195 765 1280 „quisquam”
791 1196 866 1278 quia
888 1214 1119 1280 quaequam
1146 1195 1250 1264 dicere
1275 1199 1454 1265 absurdum
1477 1206 1538 1270 est.

343 1301 395 1367 Sic
419 1300 480 1377 IP,
499 1299 578 1365 Don.
598 1301 739 1365 cautius:
765 1298 814 1381 (3)
837 1301 1048 1385 „quisquam”
1069 1301 1185 1367 multis
1205 1304 1364 1390 exemplis
1384 1309 1541 1392 probatur

342 1408 441 1472 etiam
464 1406 615 1494 feminino
639 1427 755 1491 genere
778 1412 901 1472 veteres
925 1405 1112 1491 protulisse,
1138 1409 1184 1471 ito
1202 1416 1237 1472 ut
1257 1412 1389 1476 numeris
1409 1421 1438 1477 et
1454 1437 1543 1495 peac-

343 1513 426 1578 ribne
448 1513 520 1576 hoec
538 1511 717 1594 pronomina
740 1511 864 1594 infinito
882 1511 945 1575 sint
963 1511 1026 1592 (W.
1040 1519 1092 1593 c).
1163 1513 1252 1580 Haeo
1271 1521 1437 1601 postrema
1457 1518 1541 1585 alius

341 1620 497 1705 magister
515 1617 657 1682 subdidit
676 1639 714 1682 ex
734 1616 794 1682 Ad.
818 1615 861 1680 IV
882 1616 912 1680 4.
926 1615 981 1695 26,
1014 1618 1071 1682 ubi
1098 1617 1199 1684 Don.:
1226 1620 1274 1701 (2)
1298 1622 1433 1708 Proprie
1452 1628 1540 1691 enim

341 1731 465 1791 veteres
497 1728 528 1788 et
558 1725 651 1809 quis
681 1729 713 1788 et
744 1721 906 1807 aliquis
936 1728 968 1787 et
990 1725 1213 1811 quisquam
1238 1748 1301 1793 non
1326 1729 1541 1797 observabant

274 1915 277 1920 Ι
342 1852 404 1917 quo
425 1849 542 1916 genere
561 1835 618 1894 aut
637 1851 700 1914 quo
712 1849 846 1893 numero
858 1828 1060 1896 declinarent.
1083 1828 1132 1897 cf.
1147 1834 1246 1897 etiam
1259 1832 1304 1897 lv
1317 1833 1349 1898 4.
1365 1833 1418 1900 11.
1466 1836 1500 1902 S.
1513 1858 1539 1902 c.

386 1935 467 2001 Ibid.
500 1933 544 2000 84
582 1935 749 2000 Praeterea
778 1934 882 1999 forma
913 1939 947 1999 et
975 1943 1062 2000 aetas
1092 1937 1162 2021 ipsa
1193 1943 1259 2016 est,
1292 1939 1385 2006 facile
1419 1946 1458 2006 ut
1481 1964 1539 2028 pro

343 2041 490 2108 eunucho
514 2041 636 2125 probes.

389 2147 437 2228 (1)
462 2147 554 2232 „lpse
578 2146 647 2212 est’'
672 2146 760 2212 deest
784 2149 838 2225 „in
861 2147 926 2212 te”.
993 2147 1041 2227 (2)
1065 2147 1256 2216 Formam
1280 2151 1403 2218 scilicet
1427 2159 1461 2220 et
1484 2175 1540 2220 ae

341 2259 491 2334 tatem:
512 2252 650 2318 formam
670 2255 745 2338 quia
764 2251 905 2338 pulcher,
927 2258 1065 2318 aetatem
1079 2256 1154 2339 quia
1166 2257 1320 2341 ephebus.
1380 2257 1429 2340 (3)
1442 2261 1541 2338 „Pro-

344 2358 419 2424 bas”
451 2379 535 2423 nune
565 2357 707 2444 fingas
740 2363 796 2422 aut
823 2357 1094 2443 persuadeas,
1119 2365 1158 2424 ut
1179 2362 1214 2425 in
1239 2365 1470 2431 consuetudine
1496 2365 1540 2430 di-

345 2467 450 2530 cimus
491 2465 607 2543 „homo
640 2463 814 2551 sacrilegus
844 2484 902 2549 pro
932 2466 1099 2531 innocente
1130 2487 1163 2532 se
1198 2468 1382 2552 probavit'',
1422 2507 1466 2520 -
1506 2477 1540 2536 et

344 2569 504 2651 Oicerod)
520 2570 610 2649 „hoc
633 2576 669 2635 tu
692 2571 743 2634 his
767 2568 951 2656 probabie'';
974 2573 1083 2657 itaque
1103 2571 1191 2638 deest
1213 2575 1299 2654 „te”,
1320 2575 1405 2662 quod
1424 2578 1540 2644 subau-

344 2678 486 2756 diamus,
521 2682 561 2741 ut
595 2679 656 2742 sit:
691 2698 749 2763 pro
779 2676 925 2742 eunucho
957 2680 988 2742 te
1018 2678 1149 2762 probes.
1226 2677 1273 2761 (4)
1307 2681 1469 2764 „Probas”
1501 2689 1539 2749 ut

347 2785 541 2872 „migrantis
575 2782 705 2849 cernas'’
740 2782 827 2862 (vide
857 2803 953 2867 supra
982 2803 1014 2867 p.
1042 2782 1107 2864 13).
1199 2785 1248 2867 (5)
1278 2787 1346 2852 Aut
1379 2790 1537 2873 „probes”

345 2889 544 2976 persuadeas.
635 2888 684 2968 (6)
714 2889 757 2954 Et
787 2888 887 2954 simul
911 2889 1041 2955 honeste
1063 2911 1126 2954 non
1150 2889 1251 2971 dixit,
1276 2893 1361 2978 quod
1384 2900 1453 2960 erat
1476 2917 1541 2962 ree·

344 3000 434 3075 tum,
461 3000 520 3073 „ut
543 2995 728 3060 eunuchum
750 2994 895 3080 probes”,
920 2994 974 3059 sed
1000 3016 1078 3080 „pro
1101 2997 1281 3076 eunucho’'‚
1305 3020 1345 3064 ne
1365 3005 1449 3066 esset
1467 3022 1539 3066 con-

344 3100 555 3167 tumeliosum
578 3103 612 3166 in
636 3100 820 3169 Chaeream.

390 3208 479 3273 Iusta
502 3210 720 3292 interpretatio
744 3207 866 3294 legitur
888 3208 922 3271 in
947 3205 1005 3286 (3),
1031 3206 1071 3272 cf.
1096 3207 1223 3273 Fabia
1247 3207 1386 3290 ad'h.l.,
1408 3215 1539 3279 tametsi

344 3313 530 3400 exemplum
550 3312 711 3380 Ciceronis
729 3315 906 3379 insiticium
923 3311 1062 3390 ridetur,
1082 3334 1244 3401 nusquam
1259 3315 1362 3382 adhuc
1374 3323 1536 3402 repertum

345 3428 376 3486 et
399 3421 531 3506 abipsa
554 3421 816 3504 interpretatione
840 3417 994 3484 alienum.
1020 3418 1091 3484 Hoc
1113 3422 1218 3506 igitur
1242 3419 1366 3487 Donato
1391 3423 1535 3509 adsigna.

345 3525 456 3592 Altera
477 3527 699 3611 interpretatio
721 3524 844 3611 legitur
866 3526 902 3588 in
925 3524 990 3604 (2):
1017 3530 1076 3601 „ut
1099 3525 1238 3591 formam
1257 3533 1289 3592 et
1308 3535 1448 3596 aetatem
1469 3551 1537 3615 pro·

345 3631 433 3710 bes'’,
453 3633 548 3696 tertia
566 3633 601 3696 in
620 3630 685 3711 (6):
708 3635 766 3708 „ut
787 3631 970 3695 eunuchum
990 3631 1136 3716 probes'’.
1160 3632 1304 3718 Utraque
1323 3655 1474 3719 perversa
1490 3640 1537 3701 est

346 3744 379 3804 et
398 3736 520 3802 redolet
538 3736 598 3814 IP,
618 3736 677 3802 illa
695 3741 824 3822 propter
842 3735 1097 3802 additamentum
1117 3759 1173 3822 per
1186 3739 1304 3823 „qnia”
1319 3740 1450 3825 „quia’',
1463 3742 1538 3807 haec

345 3848 473 3930 propter
490 3845 633 3928 ineptam
652 3841 828 3907 honestatis
847 3841 1058 3908 differentiam
1073 3845 1157 3908 inter
1171 3845 1401 3921 „annuebam”
1413 3853 1447 3912 et
1460 3869 1537 3933 „pro

346 3948 525 4015 eunucho’'.
569 3948 617 4028 (1)
631 3953 663 4013 et
675 3947 722 4028 (5)
735 3946 1013 4014 adnotatiunculae
1026 3949 1222 4034 marginales
1234 3956 1310 4015 sunt
1324 3950 1462 4017 aliorum
1475 3973 1538 4018 ma·

346 4059 543 4142 gistrorum,
564 4059 682 4119 tractae
701 4076 718 4119 e
737 4053 818 4118 Don.
840 4053 899 4134 (3).
946 4054 994 4134 (4)
1018 4075 1115 4140 supra
1135 4077 1166 4140 p.
1183 4055 1224 4120 13
1245 4056 1369 4122 Donato
1381 4058 1536 4124 dedimus.

391 4161 503 4247 Itaque
533 4163 567 4226 in
592 4164 773 4226 commento
796 4167 886 4225 erant
910 4158 958 4241 (3)
982 4167 1014 4225 et
1038 4159 1095 4240 (4).
1130 4160 1190 4226 His
1216 4161 1329 4228 Editor
1352 4163 1469 4229 adiecit
1492 4163 1537 4244 (2)

347 4276 380 4334 et
403 4268 462 4348 (6),
489 4267 573 4353 quod
597 4267 745 4332 adiunxit
768 4287 825 4352 per
848 4273 877 4330 et
898 4264 990 4329 sinat
998 4313 1007 4344 ‚
1030 4287 1048 4331 a
1068 4264 1284 4352 Oempilatore
1304 4268 1445 4344 disiecta,
1466 4271 1537 4354 quia

347 4380 481 4442 fortasse
512 4375 612 4440 altera
641 4395 714 4460 pars
744 4372 862 4438 melius
885 4372 1038 4459 quadrare
1062 4372 1231 4438 videbatur
1254 4381 1324 4460 post
1347 4396 1444 4461 quam
1468 4381 1536 4442 ante

347 4482 404 4566 (3).
428 4481 517 4547 Idem
542 4481 664 4547 addidit
688 4481 737 4562 (l)
761 4485 793 4546 et
817 4479 866 4562 (5)
890 4478 1009 4545 alicubi
1034 4484 1168 4565 reperta.
