<?xml version="1.0" encoding="UTF-8"?>
<!DOCTYPE html PUBLIC "-//W3C//DTD XHTML 1.0 Transitional//EN"
    "http://www.w3.org/TR/xhtml1/DTD/xhtml1-transitional.dtd">
<html xmlns="http://www.w3.org/1999/xhtml" xml:lang="en" lang="en">
 <head>
  <title>
</title>
<meta http-equiv="Content-Type" content="text/html;charset=utf-8" />
  <meta name='ocr-system' content='tesseract 3.04.00' />
  <meta name='ocr-capabilities' content='ocr_page ocr_carea ocr_par ocr_line ocrx_word'/>
</head>
<body>
  <div class='ocr_page' id='page_1' title='image "./decommentidonat00karsgoog_0188.png"; bbox 0 0 3450 5382; ppageno 0'>
   <div class='ocr_carea' id='block_1_1' title="bbox 705 358 1376 428">
    <p class='ocr_par' dir='ltr' id='par_1_1' title="bbox 705 358 1376 428">
     <span class='ocr_line' id='line_1_1' title="bbox 705 358 1376 428; baseline -0.001 -1"><span class='ocrx_word' id='word_1_1' title='bbox 705 377 861 427; x_wconf 80' lang='lat' dir='ltr'>nonanus.</span> <span class='ocrx_word' id='word_1_2' title='bbox 1009 377 1012 383; x_wconf 86' lang='lat'>·</span> <span class='ocrx_word' id='word_1_3' title='bbox 1311 358 1376 428; x_wconf 81' lang='grc'>175</span> 
     </span>
    </p>
   </div>
   <div class='ocr_carea' id='block_1_2' title="bbox 230 548 1380 734">
    <p class='ocr_par' dir='ltr' id='par_1_2' title="bbox 230 548 1380 734">
     <span class='ocr_line' id='line_1_2' title="bbox 230 548 564 633; baseline -0.015 -20"><span class='ocrx_word' id='word_1_4' title='bbox 230 549 342 633; x_wconf 91' lang='lat' dir='ltr'>Itaque</span> <span class='ocrx_word' id='word_1_5' title='bbox 364 548 564 631; x_wconf 83' lang='lat' dir='ltr'><strong>repperimus</strong></span> 
     </span>
     <span class='ocr_line' id='line_1_3' title="bbox 231 648 1380 734; baseline -0.004 -15"><span class='ocrx_word' id='word_1_6' title='bbox 231 654 408 718; x_wconf 86' lang='lat' dir='ltr'>Probum</span> <span class='ocrx_word' id='word_1_7' title='bbox 433 652 481 716; x_wconf 90' lang='lat' dir='ltr'>bis</span> <span class='ocrx_word' id='word_1_8' title='bbox 503 649 547 715; x_wconf 87' lang='lat' dir='ltr'>IV</span> <span class='ocrx_word' id='word_1_9' title='bbox 573 648 636 714; x_wconf 90' lang='grc'>3.5</span> <span class='ocrx_word' id='word_1_10' title='bbox 662 649 841 730; x_wconf 73' lang='lat' dir='ltr'>(distincti),</span> <span class='ocrx_word' id='word_1_11' title='bbox 865 648 893 713; x_wconf 89' lang='lat' dir='ltr'>V</span> <span class='ocrx_word' id='word_1_12' title='bbox 918 648 984 713; x_wconf 85' lang='grc'>3.4</span> <span class='ocrx_word' id='word_1_13' title='bbox 1005 649 1160 734; x_wconf 77' lang='lat' dir='ltr'>(quaerit).</span> <span class='ocrx_word' id='word_1_14' title='bbox 1185 650 1302 727; x_wconf 83' lang='lat' dir='ltr'>Locos,</span> <span class='ocrx_word' id='word_1_15' title='bbox 1323 651 1380 714; x_wconf 90' lang='lat' dir='ltr'>ubi</span> 
     </span>
    </p>
   </div>
   <div class='ocr_carea' id='block_1_3' title="bbox 184 753 1384 1480">
    <p class='ocr_par' dir='ltr' id='par_1_3' title="bbox 184 753 1384 1480">
     <span class='ocr_line' id='line_1_4' title="bbox 184 753 1379 844; baseline -0.004 -19"><span class='ocrx_word' id='word_1_16' title='bbox 184 759 426 844; x_wconf 82' lang='lat' dir='ltr'>Probus-Asper</span> <span class='ocrx_word' id='word_1_17' title='bbox 451 756 584 821; x_wconf 91' lang='lat' dir='ltr'>indicati</span> <span class='ocrx_word' id='word_1_18' title='bbox 608 777 675 821; x_wconf 92' lang='lat' dir='ltr'>esse</span> <span class='ocrx_word' id='word_1_19' title='bbox 699 759 849 841; x_wconf 79' lang='lat' dir='ltr'>possunt:</span> <span class='ocrx_word' id='word_1_20' title='bbox 882 754 967 820; x_wconf 91' lang='lat' dir='ltr'>Prol.</span> <span class='ocrx_word' id='word_1_21' title='bbox 994 753 1046 833; x_wconf 94' lang='lat'>17,</span> <span class='ocrx_word' id='word_1_22' title='bbox 1072 753 1155 818; x_wconf 68' lang='grc'><strong>251*</strong></span> <span class='ocrx_word' id='word_1_23' title='bbox 1170 753 1196 835; x_wconf 89' lang='lat'>¹)</span> <span class='ocrx_word' id='word_1_24' title='bbox 1220 755 1236 819; x_wconf 94' lang='lat' dir='ltr'>I</span> <span class='ocrx_word' id='word_1_25' title='bbox 1261 753 1379 822; x_wconf 86' lang='lat'><strong>1.17*.</strong></span> 
     </span>
     <span class='ocr_line' id='line_1_5' title="bbox 187 859 1379 945; baseline -0.004 -14"><span class='ocrx_word' id='word_1_26' title='bbox 187 865 230 931; x_wconf 87' lang='grc'>58</span> <span class='ocrx_word' id='word_1_27' title='bbox 258 864 428 945; x_wconf 48' lang='lat' dir='ltr'>(delirant</span> <span class='ocrx_word' id='word_1_28' title='bbox 462 861 539 941; x_wconf 88' lang='grc'><strong>4.1,</strong></span> <span class='ocrx_word' id='word_1_29' title='bbox 571 861 648 927; x_wconf 88' lang='lat' dir='ltr'><strong>ibid.</strong></span> <span class='ocrx_word' id='word_1_30' title='bbox 675 860 705 928; x_wconf 95' lang='grc'>7.</span> <span class='ocrx_word' id='word_1_31' title='bbox 738 861 769 925; x_wconf 93' lang='grc' dir='ltr'>ΙΙ</span> <span class='ocrx_word' id='word_1_32' title='bbox 795 859 892 926; x_wconf 80' lang='grc'><strong>124.</strong></span> <span class='ocrx_word' id='word_1_33' title='bbox 916 860 948 926; x_wconf 90' lang='grc' dir='ltr'>ΙΙ</span> <span class='ocrx_word' id='word_1_34' title='bbox 973 859 1091 939; x_wconf 63' lang='grc'><strong>5611,</strong></span> <span class='ocrx_word' id='word_1_35' title='bbox 1117 861 1171 926; x_wconf 91' lang='grc'>22.</span> <span class='ocrx_word' id='word_1_36' title='bbox 1205 861 1236 927; x_wconf 92' lang='lat' dir='ltr'>II</span> <span class='ocrx_word' id='word_1_37' title='bbox 1260 859 1379 940; x_wconf 62' lang='lat' dir='ltr'>altr,</span> 
     </span>
     <span class='ocr_line' id='line_1_6' title="bbox 186 966 806 1047; baseline -0.01 -10"><span class='ocrx_word' id='word_1_38' title='bbox 186 971 261 1037; x_wconf 76' lang='lat'>30*.</span> <span class='ocrx_word' id='word_1_39' title='bbox 285 970 328 1035; x_wconf 91' lang='lat' dir='ltr'>IV</span> <span class='ocrx_word' id='word_1_40' title='bbox 352 968 471 1047; x_wconf 63' lang='grc'><strong>41511,</strong></span> <span class='ocrx_word' id='word_1_41' title='bbox 498 967 596 1047; x_wconf 84' lang='lat'><strong>5,13.</strong></span> <span class='ocrx_word' id='word_1_42' title='bbox 622 967 648 1032; x_wconf 89' lang='lat' dir='ltr'>V</span> <span class='ocrx_word' id='word_1_43' title='bbox 673 966 806 1032; x_wconf 70' lang='grc'><strong>4251*</strong></span> 
     </span>
     <span class='ocr_line' id='line_1_7' title="bbox 229 1073 1380 1160; baseline -0.001 -19"><span class='ocrx_word' id='word_1_44' title='bbox 229 1076 341 1143; x_wconf 82' lang='lat' dir='ltr'>Editor</span> <span class='ocrx_word' id='word_1_45' title='bbox 361 1081 464 1142; x_wconf 92' lang='lat' dir='ltr'>semet</span> <span class='ocrx_word' id='word_1_46' title='bbox 483 1077 551 1160; x_wconf 88' lang='lat' dir='ltr'>ipse</span> <span class='ocrx_word' id='word_1_47' title='bbox 571 1073 727 1139; x_wconf 87' lang='lat' dir='ltr'>indicasse</span> <span class='ocrx_word' id='word_1_48' title='bbox 739 1074 869 1140; x_wconf 85' lang='lat' dir='ltr'>videtur</span> <span class='ocrx_word' id='word_1_49' title='bbox 881 1075 1027 1159; x_wconf 79' lang='lat' dir='ltr'>peratiae</span> <span class='ocrx_word' id='word_1_50' title='bbox 1044 1073 1075 1138; x_wconf 91' lang='grc' dir='ltr'>ΙΙ</span> <span class='ocrx_word' id='word_1_51' title='bbox 1097 1074 1196 1154; x_wconf 83' lang='lat' dir='ltr'>b.19,</span> <span class='ocrx_word' id='word_1_52' title='bbox 1217 1075 1263 1140; x_wconf 93' lang='lat' dir='ltr'>Ill</span> <span class='ocrx_word' id='word_1_53' title='bbox 1282 1075 1380 1140; x_wconf 90' lang='grc'><strong>1.18.</strong></span> 
     </span>
     <span class='ocr_line' id='line_1_8' title="bbox 231 1179 1303 1267; baseline 0 -20"><span class='ocrx_word' id='word_1_54' title='bbox 231 1183 267 1247; x_wconf 91' lang='grc'>15</span> <span class='ocrx_word' id='word_1_55' title='bbox 291 1182 306 1246; x_wconf 96' lang='lat' dir='ltr'>I</span> <span class='ocrx_word' id='word_1_56' title='bbox 333 1182 420 1248; x_wconf 76' lang='grc'>128</span> <span class='ocrx_word' id='word_1_57' title='bbox 445 1187 534 1262; x_wconf 84' lang='lat' dir='ltr'>erret,</span> <span class='ocrx_word' id='word_1_58' title='bbox 559 1181 628 1266; x_wconf 83' lang='lat' dir='ltr'>qui:</span> <span class='ocrx_word' id='word_1_59' title='bbox 655 1179 798 1245; x_wconf 80' lang='lat' dir='ltr'>Donatus</span> <span class='ocrx_word' id='word_1_60' title='bbox 822 1185 888 1257; x_wconf 89' lang='lat' dir='ltr'>est,</span> <span class='ocrx_word' id='word_1_61' title='bbox 913 1181 1070 1246; x_wconf 87' lang='lat' dir='ltr'>refutatus</span> <span class='ocrx_word' id='word_1_62' title='bbox 1095 1202 1113 1246; x_wconf 91' lang='grc'>5</span> <span class='ocrx_word' id='word_1_63' title='bbox 1138 1184 1303 1267; x_wconf 87' lang='lat' dir='ltr'>magistro.</span> 
     </span>
     <span class='ocr_line' id='line_1_9' title="bbox 231 1286 1383 1373; baseline -0.001 -20"><span class='ocrx_word' id='word_1_64' title='bbox 231 1288 346 1354; x_wconf 89' lang='lat' dir='ltr'>Plures</span> <span class='ocrx_word' id='word_1_65' title='bbox 380 1290 482 1354; x_wconf 89' lang='lat' dir='ltr'>fontes</span> <span class='ocrx_word' id='word_1_66' title='bbox 515 1286 727 1373; x_wconf 78' lang='lat' dir='ltr'>designantur</span> <span class='ocrx_word' id='word_1_67' title='bbox 757 1286 842 1352; x_wconf 90' lang='lat' dir='ltr'>Prol.</span> <span class='ocrx_word' id='word_1_68' title='bbox 877 1286 929 1365; x_wconf 90' lang='lat'>17,</span> <span class='ocrx_word' id='word_1_69' title='bbox 962 1287 1008 1351; x_wconf 93' lang='lat' dir='ltr'>III</span> <span class='ocrx_word' id='word_1_70' title='bbox 1032 1287 1141 1366; x_wconf 66' lang='lat'>230,</span> <span class='ocrx_word' id='word_1_71' title='bbox 1174 1309 1212 1352; x_wconf 85' lang='lat' dir='ltr'>ex</span> <span class='ocrx_word' id='word_1_72' title='bbox 1244 1288 1295 1352; x_wconf 90' lang='lat' dir='ltr'>his</span> <span class='ocrx_word' id='word_1_73' title='bbox 1319 1287 1383 1352; x_wconf 91' lang='lat' dir='ltr'>duo</span> 
     </span>
     <span class='ocr_line' id='line_1_10' title="bbox 184 1393 1384 1480; baseline -0.003 -19"><span class='ocrx_word' id='word_1_74' title='bbox 184 1394 240 1461; x_wconf 88' lang='lat' dir='ltr'>vel</span> <span class='ocrx_word' id='word_1_75' title='bbox 270 1417 353 1460; x_wconf 93' lang='lat' dir='ltr'>unus</span> <span class='ocrx_word' id='word_1_76' title='bbox 385 1395 535 1480; x_wconf 79' lang='lat' dir='ltr'>magistri</span> <span class='ocrx_word' id='word_1_77' title='bbox 567 1393 715 1472; x_wconf 86' lang='lat' dir='ltr'>fuerunt,</span> <span class='ocrx_word' id='word_1_78' title='bbox 748 1393 880 1480; x_wconf 82' lang='lat' dir='ltr'>perinde</span> <span class='ocrx_word' id='word_1_79' title='bbox 904 1399 1000 1480; x_wconf 90' lang='lat' dir='ltr'>atque</span> <span class='ocrx_word' id='word_1_80' title='bbox 1022 1393 1154 1479; x_wconf 73' lang='lat' dir='ltr'>paridem,</span> <span class='ocrx_word' id='word_1_81' title='bbox 1181 1401 1252 1458; x_wconf 80' lang='lat' dir='ltr'>aaut</span> <span class='ocrx_word' id='word_1_82' title='bbox 1275 1394 1384 1479; x_wconf 84' lang='lat' dir='ltr'>quiin</span> 
     </span>
    </p>
   </div>
   <div class='ocr_carea' id='block_1_4' title="bbox 184 1499 633 1579">
    <p class='ocr_par' dir='ltr' id='par_1_4' title="bbox 184 1499 633 1579">
     <span class='ocr_line' id='line_1_11' title="bbox 184 1499 633 1579; baseline -0.004 -13"><span class='ocrx_word' id='word_1_83' title='bbox 184 1501 200 1566; x_wconf 96' lang='lat' dir='ltr'>I</span> <span class='ocrx_word' id='word_1_84' title='bbox 226 1499 257 1566; x_wconf 87' lang='lat'>5.</span> <span class='ocrx_word' id='word_1_85' title='bbox 272 1500 324 1579; x_wconf 91' lang='grc'>65,</span> <span class='ocrx_word' id='word_1_86' title='bbox 352 1501 383 1565; x_wconf 93' lang='lat' dir='ltr'>II</span> <span class='ocrx_word' id='word_1_87' title='bbox 408 1500 508 1579; x_wconf 87' lang='grc'><strong>3.21,</strong></span> <span class='ocrx_word' id='word_1_88' title='bbox 534 1499 633 1566; x_wconf 79' lang='grc'><strong>518.</strong></span> 
     </span>
    </p>
   </div>
   <div class='ocr_carea' id='block_1_5' title="bbox 665 1729 906 1795">
    <p class='ocr_par' dir='ltr' id='par_1_5' title="bbox 665 1729 906 1795">
     <span class='ocr_line' id='line_1_12' title="bbox 665 1729 906 1795; baseline -0.004 -1"><span class='ocrx_word' id='word_1_89' title='bbox 665 1729 906 1795; x_wconf 76' lang='lat' dir='ltr'>Eunuchus</span> 
     </span>
    </p>
   </div>
   <div class='ocr_carea' id='block_1_6' title="bbox 202 1895 865 2012">
    <p class='ocr_par' dir='ltr' id='par_1_6' title="bbox 202 1895 865 2012">
     <span class='ocr_line' id='line_1_13' title="bbox 202 1895 865 2012; baseline -0.005 -19"><span class='ocrx_word' id='word_1_90' title='bbox 202 1895 206 1902; x_wconf 21' lang='grc' dir='ltr'>Ι</span> <span class='ocrx_word' id='word_1_91' title='bbox 234 1928 250 1993; x_wconf 96' lang='lat' dir='ltr'>I</span> <span class='ocrx_word' id='word_1_92' title='bbox 276 1927 337 1993; x_wconf 98' lang='grc'>1.1</span> <span class='ocrx_word' id='word_1_93' title='bbox 375 1927 445 1994; x_wconf 86' lang='grc'><strong>1155</strong></span> <span class='ocrx_word' id='word_1_94' title='bbox 471 1947 542 1992; x_wconf 88' lang='lat' dir='ltr'>eam</span> <span class='ocrx_word' id='word_1_95' title='bbox 565 1949 604 1992; x_wconf 92' lang='lat' dir='ltr'>ne</span> <span class='ocrx_word' id='word_1_96' title='bbox 628 1948 712 1992; x_wconf 90' lang='lat' dir='ltr'>nunc</span> <span class='ocrx_word' id='word_1_97' title='bbox 736 1927 865 2012; x_wconf 91' lang='lat' dir='ltr'>quidem</span> 
     </span>
    </p>
   </div>
   <div class='ocr_carea' id='block_1_7' title="bbox 187 2031 1385 3288">
    <p class='ocr_par' dir='ltr' id='par_1_7' title="bbox 187 2031 1385 2225">
     <span class='ocr_line' id='line_1_14' title="bbox 234 2031 1385 2119; baseline 0 -20"><span class='ocrx_word' id='word_1_98' title='bbox 234 2031 281 2115; x_wconf 91' lang='lat'>(7)</span> <span class='ocrx_word' id='word_1_99' title='bbox 313 2034 405 2111; x_wconf 90' lang='lat' dir='ltr'>„Non</span> <span class='ocrx_word' id='word_1_100' title='bbox 430 2034 523 2098; x_wconf 86' lang='lat' dir='ltr'>eam&#39;’</span> <span class='ocrx_word' id='word_1_101' title='bbox 557 2034 681 2098; x_wconf 89' lang='lat' dir='ltr'>Probus</span> <span class='ocrx_word' id='word_1_102' title='bbox 706 2033 897 2118; x_wconf 80' lang='lat' dir='ltr'>distinguit,</span> <span class='ocrx_word' id='word_1_103' title='bbox 922 2035 1064 2118; x_wconf 88' lang='lat' dir='ltr'>iungunt</span> <span class='ocrx_word' id='word_1_104' title='bbox 1087 2031 1237 2117; x_wconf 82' lang='lat' dir='ltr'>(Asperl)</span> <span class='ocrx_word' id='word_1_105' title='bbox 1261 2036 1317 2119; x_wconf 92' lang='lat' dir='ltr'>qui</span> <span class='ocrx_word' id='word_1_106' title='bbox 1340 2054 1385 2099; x_wconf 81' lang='grc'>55</span> 
     </span>
     <span class='ocr_line' id='line_1_15' title="bbox 187 2125 1337 2225; baseline 0 -21"><span class='ocrx_word' id='word_1_107' title='bbox 187 2139 329 2204; x_wconf 90' lang='lat' dir='ltr'>cundum</span> <span class='ocrx_word' id='word_1_108' title='bbox 353 2140 523 2204; x_wconf 80' lang='lat' dir='ltr'>Menandri</span> <span class='ocrx_word' id='word_1_109' title='bbox 547 2125 734 2224; x_wconf 86' lang='lat' dir='ltr'>exemplum</span> <span class='ocrx_word' id='word_1_110' title='bbox 758 2138 882 2225; x_wconf 89' lang='lat' dir='ltr'>legunt.</span> <span class='ocrx_word' id='word_1_111' title='bbox 909 2138 988 2204; x_wconf 85' lang='lat' dir='ltr'>Vide</span> <span class='ocrx_word' id='word_1_112' title='bbox 1014 2138 1134 2204; x_wconf 86' lang='lat' dir='ltr'>Wessn.</span> <span class='ocrx_word' id='word_1_113' title='bbox 1158 2161 1190 2224; x_wconf 90' lang='lat' dir='ltr'>p.</span> <span class='ocrx_word' id='word_1_114' title='bbox 1215 2138 1257 2203; x_wconf 91' lang='grc'>21</span> <span class='ocrx_word' id='word_1_115' title='bbox 1271 2161 1337 2224; x_wconf 92' lang='lat' dir='ltr'>sqq.</span> 
     </span>
    </p>

    <p class='ocr_par' dir='ltr' id='par_1_8' title="bbox 231 2244 800 2331">
     <span class='ocr_line' id='line_1_16' title="bbox 231 2244 800 2331; baseline 0 -21"><span class='ocrx_word' id='word_1_116' title='bbox 231 2245 247 2310; x_wconf 96' lang='lat' dir='ltr'>I</span> <span class='ocrx_word' id='word_1_117' title='bbox 271 2244 336 2310; x_wconf 84' lang='lat'>2.5</span> <span class='ocrx_word' id='word_1_118' title='bbox 371 2246 440 2310; x_wconf 90' lang='lat' dir='ltr'>Iam</span> <span class='ocrx_word' id='word_1_119' title='bbox 463 2245 597 2311; x_wconf 91' lang='grc'><strong>55155555</strong></span> <span class='ocrx_word' id='word_1_120' title='bbox 620 2244 694 2331; x_wconf 91' lang='grc'><strong>5155</strong></span> <span class='ocrx_word' id='word_1_121' title='bbox 720 2248 800 2310; x_wconf 89' lang='grc'><strong>55115</strong></span> 
     </span>
    </p>

    <p class='ocr_par' dir='ltr' id='par_1_9' title="bbox 187 2349 1385 2649">
     <span class='ocr_line' id='line_1_17' title="bbox 235 2349 1385 2438; baseline 0.003 -23"><span class='ocrx_word' id='word_1_122' title='bbox 235 2353 282 2433; x_wconf 99' lang='grc'>(4)</span> <span class='ocrx_word' id='word_1_123' title='bbox 316 2352 386 2418; x_wconf 86' lang='lat' dir='ltr'>Hoc</span> <span class='ocrx_word' id='word_1_124' title='bbox 417 2351 548 2437; x_wconf 86' lang='lat' dir='ltr'>quidam</span> <span class='ocrx_word' id='word_1_125' title='bbox 580 2358 714 2437; x_wconf 89' lang='lat' dir='ltr'>putant,</span> <span class='ocrx_word' id='word_1_126' title='bbox 747 2356 781 2416; x_wconf 89' lang='lat' dir='ltr'>et</span> <span class='ocrx_word' id='word_1_127' title='bbox 813 2351 895 2415; x_wconf 91' lang='lat' dir='ltr'>mihi</span> <span class='ocrx_word' id='word_1_128' title='bbox 927 2351 1067 2430; x_wconf 86' lang='lat' dir='ltr'>videtur,</span> <span class='ocrx_word' id='word_1_129' title='bbox 1098 2356 1171 2416; x_wconf 90' lang='lat' dir='ltr'>cett.</span> <span class='ocrx_word' id='word_1_130' title='bbox 1216 2349 1263 2418; x_wconf 78' lang='lat' dir='ltr'>Of.</span> <span class='ocrx_word' id='word_1_131' title='bbox 1289 2374 1385 2438; x_wconf 88' lang='lat' dir='ltr'>supra</span> 
     </span>
     <span class='ocr_line' id='line_1_18' title="bbox 187 2456 1385 2544; baseline 0.002 -22"><span class='ocrx_word' id='word_1_132' title='bbox 187 2456 291 2537; x_wconf 90' lang='lat' dir='ltr'>locos,</span> <span class='ocrx_word' id='word_1_133' title='bbox 321 2459 379 2523; x_wconf 92' lang='lat' dir='ltr'>ubi</span> <span class='ocrx_word' id='word_1_134' title='bbox 409 2457 553 2523; x_wconf 88' lang='lat' dir='ltr'>vidimus</span> <span class='ocrx_word' id='word_1_135' title='bbox 579 2457 742 2522; x_wconf 86' lang='lat' dir='ltr'>Donatum</span> <span class='ocrx_word' id='word_1_136' title='bbox 768 2478 853 2536; x_wconf 83' lang='lat' dir='ltr'>esse,</span> <span class='ocrx_word' id='word_1_137' title='bbox 879 2459 935 2542; x_wconf 89' lang='lat' dir='ltr'>qui</span> <span class='ocrx_word' id='word_1_138' title='bbox 958 2458 1078 2523; x_wconf 89' lang='lat' dir='ltr'>refutat</span> <span class='ocrx_word' id='word_1_139' title='bbox 1100 2461 1307 2544; x_wconf 89' lang='lat' dir='ltr'>interpretem</span> <span class='ocrx_word' id='word_1_140' title='bbox 1334 2480 1385 2524; x_wconf 89' lang='lat' dir='ltr'>an·</span> 
     </span>
     <span class='ocr_line' id='line_1_19' title="bbox 187 2563 1325 2649; baseline 0.002 -20"><span class='ocrx_word' id='word_1_141' title='bbox 187 2566 355 2642; x_wconf 75' lang='grc'><strong>15515555,</strong></span> <span class='ocrx_word' id='word_1_142' title='bbox 380 2565 510 2629; x_wconf 87' lang='lat' dir='ltr'>fortasse</span> <span class='ocrx_word' id='word_1_143' title='bbox 535 2564 677 2628; x_wconf 87' lang='lat' dir='ltr'>Probum</span> <span class='ocrx_word' id='word_1_144' title='bbox 703 2564 862 2649; x_wconf 82' lang='lat' dir='ltr'>Asprum;</span> <span class='ocrx_word' id='word_1_145' title='bbox 888 2570 959 2628; x_wconf 91' lang='lat' dir='ltr'>tum</span> <span class='ocrx_word' id='word_1_146' title='bbox 983 2566 1018 2628; x_wconf 94' lang='lat' dir='ltr'>hi</span> <span class='ocrx_word' id='word_1_147' title='bbox 1041 2563 1145 2629; x_wconf 92' lang='lat' dir='ltr'>denuo</span> <span class='ocrx_word' id='word_1_148' title='bbox 1169 2575 1325 2631; x_wconf 87' lang='lat' dir='ltr'>errarunt.</span> 
     </span>
    </p>

    <p class='ocr_par' dir='ltr' id='par_1_10' title="bbox 188 2667 1384 2860">
     <span class='ocr_line' id='line_1_20' title="bbox 234 2667 1384 2757; baseline 0.003 -23"><span class='ocrx_word' id='word_1_149' title='bbox 234 2669 314 2734; x_wconf 90' lang='lat' dir='ltr'>Ibid.</span> <span class='ocrx_word' id='word_1_150' title='bbox 340 2669 359 2734; x_wconf 89' lang='lat'><strong>6</strong></span> <span class='ocrx_word' id='word_1_151' title='bbox 396 2669 495 2748; x_wconf 80' lang='lat' dir='ltr'>„Quis</span> <span class='ocrx_word' id='word_1_152' title='bbox 526 2671 578 2733; x_wconf 94' lang='lat' dir='ltr'>hic</span> <span class='ocrx_word' id='word_1_153' title='bbox 610 2667 755 2754; x_wconf 90' lang='lat' dir='ltr'>legitur&#39;&#39;</span> <span class='ocrx_word' id='word_1_154' title='bbox 787 2691 849 2734; x_wconf 91' lang='grc'>555</span> <span class='ocrx_word' id='word_1_155' title='bbox 874 2672 1024 2754; x_wconf 87' lang='lat' dir='ltr'>imperite</span> <span class='ocrx_word' id='word_1_156' title='bbox 1047 2670 1260 2757; x_wconf 87' lang='lat' dir='ltr'>intellegunt,</span> <span class='ocrx_word' id='word_1_157' title='bbox 1286 2693 1384 2737; x_wconf 90' lang='lat' dir='ltr'>mere·</span> 
     </span>
     <span class='ocr_line' id='line_1_21' title="bbox 188 2775 799 2860; baseline 0 -19"><span class='ocrx_word' id='word_1_158' title='bbox 188 2779 301 2841; x_wconf 84' lang='lat' dir='ltr'>tricem</span> <span class='ocrx_word' id='word_1_159' title='bbox 324 2779 423 2842; x_wconf 87' lang='lat' dir='ltr'>etiam</span> <span class='ocrx_word' id='word_1_160' title='bbox 446 2776 505 2840; x_wconf 90' lang='lat' dir='ltr'>hoc</span> <span class='ocrx_word' id='word_1_161' title='bbox 529 2775 700 2860; x_wconf 85' lang='lat' dir='ltr'>simulare,</span> <span class='ocrx_word' id='word_1_162' title='bbox 726 2781 799 2842; x_wconf 91' lang='lat' dir='ltr'>cett.</span> 
     </span>
    </p>

    <p class='ocr_par' dir='ltr' id='par_1_11' title="bbox 189 2881 1383 3075">
     <span class='ocr_line' id='line_1_22' title="bbox 234 2881 1383 2976; baseline 0.004 -30"><span class='ocrx_word' id='word_1_163' title='bbox 234 2883 353 2948; x_wconf 86' lang='lat' dir='ltr'>Probat</span> <span class='ocrx_word' id='word_1_164' title='bbox 384 2881 530 2948; x_wconf 84' lang='lat' dir='ltr'>Donatus</span> <span class='ocrx_word' id='word_1_165' title='bbox 560 2885 742 2967; x_wconf 89' lang='lat' dir='ltr'>opinionem</span> <span class='ocrx_word' id='word_1_166' title='bbox 775 2887 847 2948; x_wconf 90' lang='grc'><strong>5515</strong></span> <span class='ocrx_word' id='word_1_167' title='bbox 878 2882 1055 2968; x_wconf 86' lang='lat' dir='ltr'>prolatam,</span> <span class='ocrx_word' id='word_1_168' title='bbox 1082 2885 1214 2976; x_wconf 86' lang='lat' dir='ltr'>fortasse</span> <span class='ocrx_word' id='word_1_169' title='bbox 1238 2906 1256 2950; x_wconf 90' lang='grc'>5</span> <span class='ocrx_word' id='word_1_170' title='bbox 1279 2887 1383 2951; x_wconf 92' lang='lat' dir='ltr'>Probo</span> 
     </span>
     <span class='ocr_line' id='line_1_23' title="bbox 189 2992 303 3075; baseline 0.009 -21"><span class='ocrx_word' id='word_1_171' title='bbox 189 2992 303 3075; x_wconf 90' lang='lat' dir='ltr'>Aspre.</span> 
     </span>
    </p>

    <p class='ocr_par' dir='ltr' id='par_1_12' title="bbox 187 3096 1384 3288">
     <span class='ocr_line' id='line_1_24' title="bbox 234 3096 1384 3177; baseline 0.002 -17"><span class='ocrx_word' id='word_1_172' title='bbox 234 3096 315 3162; x_wconf 91' lang='lat' dir='ltr'>Ibid.</span> <span class='ocrx_word' id='word_1_173' title='bbox 343 3096 443 3177; x_wconf 84' lang='grc'><strong>111(3)</strong></span> <span class='ocrx_word' id='word_1_174' title='bbox 476 3097 597 3174; x_wconf 88' lang='lat' dir='ltr'>„Missa</span> <span class='ocrx_word' id='word_1_175' title='bbox 628 3098 726 3161; x_wconf 84' lang='lat' dir='ltr'>istaec</span> <span class='ocrx_word' id='word_1_176' title='bbox 759 3096 846 3160; x_wconf 87' lang='lat' dir='ltr'>face”</span> <span class='ocrx_word' id='word_1_177' title='bbox 881 3096 943 3161; x_wconf 91' lang='lat' dir='ltr'>alia</span> <span class='ocrx_word' id='word_1_178' title='bbox 975 3096 1191 3162; x_wconf 87' lang='lat' dir='ltr'>dissimulatio</span> <span class='ocrx_word' id='word_1_179' title='bbox 1215 3103 1247 3162; x_wconf 90' lang='lat' dir='ltr'>et</span> <span class='ocrx_word' id='word_1_180' title='bbox 1271 3099 1384 3163; x_wconf 92' lang='lat' dir='ltr'>durior</span> 
     </span>
     <span class='ocr_line' id='line_1_25' title="bbox 187 3201 1384 3288; baseline 0.003 -22"><span class='ocrx_word' id='word_1_181' title='bbox 187 3208 259 3288; x_wconf 91' lang='lat' dir='ltr'>post</span> <span class='ocrx_word' id='word_1_182' title='bbox 282 3203 533 3269; x_wconf 89' lang='lat' dir='ltr'>admonitiones:</span> <span class='ocrx_word' id='word_1_183' title='bbox 559 3201 607 3283; x_wconf 90' lang='grc'>(4)</span> <span class='ocrx_word' id='word_1_184' title='bbox 632 3201 686 3267; x_wconf 90' lang='lat' dir='ltr'>sed</span> <span class='ocrx_word' id='word_1_185' title='bbox 710 3202 790 3267; x_wconf 89' lang='lat' dir='ltr'>bene</span> <span class='ocrx_word' id='word_1_186' title='bbox 813 3201 991 3288; x_wconf 83' lang='lat' dir='ltr'>intellegit,</span> <span class='ocrx_word' id='word_1_187' title='bbox 1017 3205 1072 3288; x_wconf 92' lang='lat' dir='ltr'>qui</span> <span class='ocrx_word' id='word_1_188' title='bbox 1095 3204 1155 3267; x_wconf 90' lang='lat' dir='ltr'>hoo</span> <span class='ocrx_word' id='word_1_189' title='bbox 1179 3224 1197 3267; x_wconf 91' lang='grc'>5</span> <span class='ocrx_word' id='word_1_190' title='bbox 1217 3206 1384 3270; x_wconf 84' lang='lat' dir='ltr'>meretrice</span> 
     </span>
    </p>
   </div>
   <div class='ocr_carea' id='block_1_8' title="bbox 77 3306 1148 3404">
    <p class='ocr_par' dir='ltr' id='par_1_13' title="bbox 77 3306 1148 3404">
     <span class='ocr_line' id='line_1_26' title="bbox 77 3306 1148 3404; baseline 0.002 -32"><span class='ocrx_word' id='word_1_191' title='bbox 77 3393 81 3404; x_wconf 34' lang='grc' dir='ltr'>Ι</span> <span class='ocrx_word' id='word_1_192' title='bbox 188 3307 310 3373; x_wconf 90' lang='lat' dir='ltr'>ridente</span> <span class='ocrx_word' id='word_1_193' title='bbox 334 3307 476 3373; x_wconf 91' lang='lat' dir='ltr'>molliter</span> <span class='ocrx_word' id='word_1_194' title='bbox 498 3313 530 3374; x_wconf 92' lang='lat' dir='ltr'>et</span> <span class='ocrx_word' id='word_1_195' title='bbox 555 3306 702 3373; x_wconf 92' lang='lat' dir='ltr'>osculum</span> <span class='ocrx_word' id='word_1_196' title='bbox 727 3311 912 3394; x_wconf 87' lang='lat' dir='ltr'>porrigente</span> <span class='ocrx_word' id='word_1_197' title='bbox 936 3308 999 3372; x_wconf 91' lang='lat' dir='ltr'>dici</span> <span class='ocrx_word' id='word_1_198' title='bbox 1023 3311 1148 3394; x_wconf 89' lang='lat' dir='ltr'>accipit.</span> 
     </span>
    </p>
   </div>
   <div class='ocr_carea' id='block_1_9' title="bbox 188 3413 1390 4030">
    <p class='ocr_par' dir='ltr' id='par_1_14' title="bbox 188 3413 1390 3817">
     <span class='ocr_line' id='line_1_27' title="bbox 234 3413 1387 3502; baseline 0.002 -24"><span class='ocrx_word' id='word_1_199' title='bbox 234 3413 343 3478; x_wconf 88' lang='lat' dir='ltr'>Unum</span> <span class='ocrx_word' id='word_1_200' title='bbox 368 3416 558 3479; x_wconf 88' lang='lat' dir='ltr'>continuum</span> <span class='ocrx_word' id='word_1_201' title='bbox 580 3413 716 3491; x_wconf 90' lang='lat' dir='ltr'>Donati,</span> <span class='ocrx_word' id='word_1_202' title='bbox 737 3414 900 3499; x_wconf 86' lang='lat' dir='ltr'>probantis</span> <span class='ocrx_word' id='word_1_203' title='bbox 920 3414 1072 3480; x_wconf 90' lang='lat' dir='ltr'>lectorem</span> <span class='ocrx_word' id='word_1_204' title='bbox 1093 3414 1145 3480; x_wconf 92' lang='grc'>551</span> <span class='ocrx_word' id='word_1_205' title='bbox 1163 3417 1387 3502; x_wconf 90' lang='lat' dir='ltr'>interpretem,</span> 
     </span>
     <span class='ocr_line' id='line_1_28' title="bbox 190 3519 1389 3607; baseline 0.003 -23"><span class='ocrx_word' id='word_1_206' title='bbox 190 3522 246 3605; x_wconf 90' lang='lat' dir='ltr'>qui</span> <span class='ocrx_word' id='word_1_207' title='bbox 269 3520 365 3585; x_wconf 88' lang='lat' dir='ltr'>verba</span> <span class='ocrx_word' id='word_1_208' title='bbox 392 3524 437 3584; x_wconf 91' lang='grc'>515</span> <span class='ocrx_word' id='word_1_209' title='bbox 461 3522 591 3605; x_wconf 89' lang='grc'><strong>5555511.</strong></span> <span class='ocrx_word' id='word_1_210' title='bbox 628 3519 747 3605; x_wconf 82' lang='lat' dir='ltr'>Scripsi</span> <span class='ocrx_word' id='word_1_211' title='bbox 770 3542 844 3585; x_wconf 91' lang='lat' dir='ltr'>cum</span> <span class='ocrx_word' id='word_1_212' title='bbox 869 3520 936 3585; x_wconf 87' lang='lat' dir='ltr'>eod.</span> <span class='ocrx_word' id='word_1_213' title='bbox 961 3520 986 3585; x_wconf 82' lang='grc' dir='ltr'><em>Τ</em></span> <span class='ocrx_word' id='word_1_214' title='bbox 1013 3521 1291 3599; x_wconf 88' lang='lat' dir='ltr'>„admonitiones”</span> <span class='ocrx_word' id='word_1_215' title='bbox 1318 3522 1389 3607; x_wconf 91' lang='lat' dir='ltr'>plu-</span> 
     </span>
     <span class='ocr_line' id='line_1_29' title="bbox 188 3623 1390 3712; baseline 0.003 -22"><span class='ocrx_word' id='word_1_216' title='bbox 188 3623 250 3690; x_wconf 91' lang='lat' dir='ltr'>rali</span> <span class='ocrx_word' id='word_1_217' title='bbox 281 3647 432 3704; x_wconf 89' lang='lat' dir='ltr'>numero,</span> <span class='ocrx_word' id='word_1_218' title='bbox 466 3647 539 3691; x_wconf 93' lang='lat' dir='ltr'>cum</span> <span class='ocrx_word' id='word_1_219' title='bbox 564 3625 801 3712; x_wconf 88' lang='lat' dir='ltr'>intelligantur,</span> <span class='ocrx_word' id='word_1_220' title='bbox 826 3648 906 3712; x_wconf 91' lang='lat' dir='ltr'>quae</span> <span class='ocrx_word' id='word_1_221' title='bbox 930 3627 1027 3692; x_wconf 81' lang='lat' dir='ltr'>Thais</span> <span class='ocrx_word' id='word_1_222' title='bbox 1051 3628 1133 3693; x_wconf 83' lang='lat' dir='ltr'>dixit</span> <span class='ocrx_word' id='word_1_223' title='bbox 1157 3651 1205 3694; x_wconf 92' lang='grc'>55.</span> <span class='ocrx_word' id='word_1_224' title='bbox 1233 3627 1252 3694; x_wconf 93' lang='grc'><strong>7</strong></span> <span class='ocrx_word' id='word_1_225' title='bbox 1281 3629 1390 3710; x_wconf 76' lang='lat' dir='ltr'>„Quid</span> 
     </span>
     <span class='ocr_line' id='line_1_30' title="bbox 189 3729 1192 3817; baseline 0.003 -20"><span class='ocrx_word' id='word_1_226' title='bbox 189 3729 317 3797; x_wconf 78' lang='lat' dir='ltr'>stabas?</span> <span class='ocrx_word' id='word_1_227' title='bbox 341 3730 407 3798; x_wconf 86' lang='lat' dir='ltr'>Gur</span> <span class='ocrx_word' id='word_1_228' title='bbox 430 3754 493 3796; x_wconf 93' lang='lat' dir='ltr'>non</span> <span class='ocrx_word' id='word_1_229' title='bbox 517 3735 603 3797; x_wconf 90' lang='lat' dir='ltr'>intro</span> <span class='ocrx_word' id='word_1_230' title='bbox 625 3729 736 3797; x_wconf 85' lang='lat' dir='ltr'>ibasl”</span> <span class='ocrx_word' id='word_1_231' title='bbox 761 3738 794 3798; x_wconf 91' lang='grc'>51</span> <span class='ocrx_word' id='word_1_232' title='bbox 817 3755 864 3798; x_wconf 89' lang='grc'>55.</span> <span class='ocrx_word' id='word_1_233' title='bbox 890 3732 911 3797; x_wconf 89' lang='grc'>8</span> <span class='ocrx_word' id='word_1_234' title='bbox 938 3734 1041 3817; x_wconf 80' lang='lat' dir='ltr'>„Quid</span> <span class='ocrx_word' id='word_1_235' title='bbox 1066 3733 1192 3800; x_wconf 82' lang='lat' dir='ltr'>tacesl’&#39;</span> 
     </span>
    </p>

    <p class='ocr_par' dir='ltr' id='par_1_15' title="bbox 189 3835 1389 4030">
     <span class='ocr_line' id='line_1_31' title="bbox 236 3835 1389 3932; baseline 0.008 -32"><span class='ocrx_word' id='word_1_236' title='bbox 236 3836 251 3900; x_wconf 95' lang='lat' dir='ltr'>I</span> <span class='ocrx_word' id='word_1_237' title='bbox 275 3837 306 3901; x_wconf 93' lang='grc'>2.</span> <span class='ocrx_word' id='word_1_238' title='bbox 320 3835 362 3903; x_wconf 87' lang='grc'>87</span> <span class='ocrx_word' id='word_1_239' title='bbox 377 3835 425 3916; x_wconf 88' lang='grc'>(4)</span> <span class='ocrx_word' id='word_1_240' title='bbox 460 3837 633 3904; x_wconf 74' lang='lat' dir='ltr'>Eunuchos</span> <span class='ocrx_word' id='word_1_241' title='bbox 666 3859 683 3903; x_wconf 90' lang='lat' dir='ltr'>a</span> <span class='ocrx_word' id='word_1_242' title='bbox 708 3839 813 3904; x_wconf 88' lang='lat' dir='ltr'>Persis</span> <span class='ocrx_word' id='word_1_243' title='bbox 836 3842 1003 3904; x_wconf 90' lang='grc'><strong>1551115155</strong></span> <span class='ocrx_word' id='word_1_244' title='bbox 1027 3847 1141 3925; x_wconf 89' lang='grc'><strong>551551</strong></span> <span class='ocrx_word' id='word_1_245' title='bbox 1165 3865 1204 3907; x_wconf 84' lang='lat' dir='ltr'>ex</span> <span class='ocrx_word' id='word_1_246' title='bbox 1230 3844 1389 3932; x_wconf 88' lang='lat' dir='ltr'>captivis;</span> 
     </span>
     <span class='ocr_line' id='line_1_32' title="bbox 189 3942 1283 4030; baseline 0.01 -22"><span class='ocrx_word' id='word_1_247' title='bbox 189 3964 207 4008; x_wconf 89' lang='grc'>5</span> <span class='ocrx_word' id='word_1_248' title='bbox 231 3942 450 4030; x_wconf 85' lang='lat' dir='ltr'>Babylonibus</span> <span class='ocrx_word' id='word_1_249' title='bbox 475 3947 562 4009; x_wconf 89' lang='lat' dir='ltr'>enim</span> <span class='ocrx_word' id='word_1_250' title='bbox 587 3944 774 4011; x_wconf 89' lang='lat' dir='ltr'>Hellanicus</span> <span class='ocrx_word' id='word_1_251' title='bbox 799 3952 909 4011; x_wconf 89' lang='lat' dir='ltr'>auctor</span> <span class='ocrx_word' id='word_1_252' title='bbox 932 3953 1038 4012; x_wconf 88' lang='lat' dir='ltr'>exstat</span> <span class='ocrx_word' id='word_1_253' title='bbox 1061 3948 1095 4012; x_wconf 92' lang='lat' dir='ltr'>id</span> <span class='ocrx_word' id='word_1_254' title='bbox 1119 3949 1283 4018; x_wconf 87' lang='lat' dir='ltr'>habuisse.</span> 
     </span>
    </p>
   </div>
   <div class='ocr_carea' id='block_1_10' title="bbox 187 4048 1391 4221">
    <p class='ocr_par' dir='ltr' id='par_1_16' title="bbox 187 4048 1391 4221">
     <span class='ocr_line' id='line_1_33' title="bbox 234 4048 1391 4138; baseline 0.008 -26"><span class='ocrx_word' id='word_1_255' title='bbox 234 4048 397 4114; x_wconf 88' lang='lat' dir='ltr'>Hellanici</span> <span class='ocrx_word' id='word_1_256' title='bbox 428 4053 625 4116; x_wconf 90' lang='lat' dir='ltr'>mentionem</span> <span class='ocrx_word' id='word_1_257' title='bbox 657 4074 713 4137; x_wconf 88' lang='lat' dir='ltr'>per</span> <span class='ocrx_word' id='word_1_258' title='bbox 738 4053 878 4138; x_wconf 88' lang='lat' dir='ltr'>Asprum</span> <span class='ocrx_word' id='word_1_259' title='bbox 903 4054 955 4119; x_wconf 92' lang='grc'>551</span> <span class='ocrx_word' id='word_1_260' title='bbox 978 4054 1121 4119; x_wconf 91' lang='lat' dir='ltr'>Probum</span> <span class='ocrx_word' id='word_1_261' title='bbox 1146 4055 1185 4120; x_wconf 91' lang='lat' dir='ltr'>ad</span> <span class='ocrx_word' id='word_1_262' title='bbox 1209 4053 1391 4124; x_wconf 86' lang='lat' dir='ltr'>Varronem</span> 
     </span>
     <span class='ocr_line' id='line_1_34' title="bbox 187 4155 443 4221; baseline 0 -1"><span class='ocrx_word' id='word_1_263' title='bbox 187 4155 291 4221; x_wconf 91' lang='lat' dir='ltr'>redire</span> <span class='ocrx_word' id='word_1_264' title='bbox 315 4156 443 4221; x_wconf 87' lang='lat' dir='ltr'>dixeris.</span> 
     </span>
    </p>
   </div>
   <div class='ocr_carea' id='block_1_11' title="bbox 188 4324 385 4334">
    <p class='ocr_par' dir='ltr' id='par_1_17' title="bbox 188 4324 385 4334">
     <span class='ocr_line' id='line_1_35' title="bbox 188 4324 385 4334; baseline 0 0"><span class='ocrx_word' id='word_1_265' title='bbox 188 4324 385 4334; x_wconf 70' lang='lat'>------—-</span> 
     </span>
    </p>
   </div>
   <div class='ocr_carea' id='block_1_12' title="bbox 186 4413 1388 4554">
    <p class='ocr_par' dir='ltr' id='par_1_18' title="bbox 186 4413 1388 4554">
     <span class='ocr_line' id='line_1_36' title="bbox 222 4413 1388 4485; baseline 0.005 -22"><span class='ocrx_word' id='word_1_266' title='bbox 222 4415 249 4479; x_wconf 93' lang='lat' dir='ltr'>l)</span> <span class='ocrx_word' id='word_1_267' title='bbox 274 4414 373 4478; x_wconf 82' lang='lat' dir='ltr'>Signum</span> <span class='ocrx_word' id='word_1_268' title='bbox 396 4413 601 4485; x_wconf 29' lang='lat' dir='ltr'>interrogationis,</span> <span class='ocrx_word' id='word_1_269' title='bbox 615 4414 722 4480; x_wconf 83' lang='lat' dir='ltr'>designat</span> <span class='ocrx_word' id='word_1_270' title='bbox 746 4415 914 4467; x_wconf 86' lang='lat' dir='ltr'>auctoritatem</span> <span class='ocrx_word' id='word_1_271' title='bbox 933 4417 1006 4467; x_wconf 85' lang='lat' dir='ltr'>Probi</span> <span class='ocrx_word' id='word_1_272' title='bbox 1025 4417 1097 4482; x_wconf 78' lang='lat' dir='ltr'>Aspri</span> <span class='ocrx_word' id='word_1_273' title='bbox 1114 4418 1182 4467; x_wconf 85' lang='lat' dir='ltr'>valde</span> <span class='ocrx_word' id='word_1_274' title='bbox 1198 4417 1299 4471; x_wconf 87' lang='lat' dir='ltr'>dubiam</span> <span class='ocrx_word' id='word_1_275' title='bbox 1319 4436 1388 4480; x_wconf 69' lang='lat' dir='ltr'>esse,</span> 
     </span>
     <span class='ocr_line' id='line_1_37' title="bbox 186 4496 629 4554; baseline 0 -8"><span class='ocrx_word' id='word_1_276' title='bbox 186 4496 314 4546; x_wconf 83' lang='lat' dir='ltr'>asteriscus</span> <span class='ocrx_word' id='word_1_277' title='bbox 330 4499 418 4554; x_wconf 83' lang='lat' dir='ltr'>antem,</span> <span class='ocrx_word' id='word_1_278' title='bbox 436 4496 514 4546; x_wconf 83' lang='grc'><strong>155155</strong></span> <span class='ocrx_word' id='word_1_279' title='bbox 530 4513 629 4546; x_wconf 78' lang='lat' dir='ltr'>errasse.</span> 
     </span>
    </p>
   </div>
   <div class='ocr_carea' id='block_1_13' title="bbox 0 0 1730 5382">
    <p class='ocr_par' dir='ltr' id='par_1_19' title="bbox 0 0 1730 5382">
     <span class='ocr_line' id='line_1_38' title="bbox 0 0 1730 5382; baseline 0 0"><span class='ocrx_word' id='word_1_280' title='bbox 0 0 1730 5382; x_wconf 95' lang='lat' dir='ltr'> </span> 
     </span>
    </p>
   </div>
  </div>
 </body>
</html>
