3450 5382
358 349 423 417 112
876 361 1047 446 mannua·

357 534 487 616 cupiens
508 530 650 594 fructum
673 530 792 594 amoris
816 528 868 593 vel
891 526 1042 614 periculis
1066 527 1216 613 adipisci,
1241 535 1289 594 est
1312 550 1389 616 ergo
1411 530 1557 609 „audio”

357 637 488 716 ripuaria
511 657 569 722 pro
594 657 677 713 „nou
701 634 830 714 audic'’,
846 635 914 700 ¹hoc
939 638 1004 699 est:
1030 633 1113 699 nihil
1136 634 1226 700 dicis.

402 742 521 808 Utrum
551 737 751 828 genuinum?
781 739 818 805 ln
849 742 1044 827 praegressis
1078 740 1220 826 Antipho
1251 743 1431 826 perhibuit,
1457 742 1558 808 malle

357 871 390 915 se
420 870 482 914 non
513 850 653 933 potitum
687 867 754 912 esse
783 849 887 912 amica
909 867 1006 932 quam
1031 849 1108 932 angi
1132 849 1324 912 conscientia
1347 847 1500 914 facinoris
1524 852 1559 913 in

356 961 493 1040 patrem.
525 953 682 1018 Phaedria
706 954 898 1038 respondens
923 953 1074 1031 „Audio”
1098 958 1257 1018 monstrat
1279 972 1312 1018 se
1336 953 1430 1019 nihili
1454 955 1559 1020 facere

355 1060 449 1125 illem
480 1060 738 1145 perhibitionem.
774 1058 915 1124 Eatenus
947 1060 1049 1145 igitur
1072 1058 1261 1124 scholiastae
1285 1063 1474 1138 concinunt,
1502 1062 1558 1126 sed

358 1164 441 1252 quod
471 1167 505 1229 in
535 1163 584 1245 (3)
607 1165 735 1229 additur
759 1165 797 1230 de
821 1163 979 1229 Phaedria
1002 1167 1085 1230 mire
1108 1167 1287 1251 cogitatum
1312 1171 1343 1230 et
1366 1187 1557 1252 expressum

357 1278 422 1338 est:
449 1274 584 1336 minime
612 1274 769 1348 ,omnia
797 1269 951 1348 deridet’',
979 1277 1012 1334 et
1038 1271 1076 1346 de
1102 1271 1297 1356 „periculis”
1323 1275 1467 1357 quaestio
1495 1295 1557 1339 non

358 1385 422 1456 est,
457 1377 512 1442 sed
543 1377 581 1441 de
613 1379 822 1443 conscientiae
853 1396 988 1462 angore;
1021 1377 1157 1461 denique
1188 1380 1333 1463 quisquis
1365 1380 1465 1443 etiam
1499 1378 1559 1444 tali

357 1487 501 1572 cynismo
536 1505 598 1548 non
633 1483 773 1560 laborat,
811 1489 917 1548 tamen
952 1483 1076 1548 dictum
1113 1484 1307 1569 Antiphonis
1343 1506 1405 1550 non
1441 1490 1556 1571 magni

357 1591 463 1656 faciet.

401 1696 483 1761 Ibid.
509 1695 550 1760 12
586 1695 670 1761 Nam
701 1700 758 1760 tua
788 1695 919 1780 quidem
943 1694 1049 1762 hercle
1073 1702 1159 1761 certo
1183 1697 1252 1762 vita
1275 1698 1353 1761 haec
1377 1696 1555 1782 expetenda

358 1802 559 1888 optandaque
583 1807 631 1866 est

403 1908 547 1974 Donatus
571 1907 648 1994 quid
672 1910 713 1972 sit
737 1909 805 1973 vita
827 1908 859 1973 h.
872 1907 895 1972 1.
920 1910 965 1972 sic
988 1906 1154 1973 declarat:v
1178 1907 1225 1989 (3)
1252 1908 1361 1986 „vita”
1386 1915 1497 1973 antem
1523 1914 1556 1973 et

358 2037 461 2081 mores
482 2013 658 2100 significat,
679 2018 712 2078 et
730 2015 896 2089 animum,
916 2018 949 2078 et
969 2013 1170 2092 alimentum,
1191 2019 1223 2079 et
1243 2016 1385 2099 spatium
1405 2013 1554 2091 vivendi,

358 2128 391 2188 et
425 2122 637 2186 fortunam
670 2115 931 2184 accidentem
964 2121 1224 2198 viventibus,
1249 2126 1287 2190 ut
1317 2120 1422 2185 mode.
1494 2118 1555 2184 nd.

357 2228 417 2294 hcc
451 2229 635 2313 praemisit:
670 2225 719 2307 (2)
756 2224 866 2302 „vita”
900 2225 999 2303 dixit,
1033 2231 1071 2289 ut
1101 2225 1297 2303 ostenderet,
1331 2227 1460 2290 etiamsi
1491 2247 1555 2290 non

358 2332 496 2398 felicitas
520 2332 574 2397 sed
598 2334 667 2397 vita
690 2330 825 2409 dicatur,
846 2330 1017 2415 optandam
1039 2352 1117 2398 esse.
1187 2331 1329 2407 Mirum,
1351 2336 1482 2416 poetam
1502 2329 1555 2396 rel

358 2438 548 2503 Phaedriam
581 2437 620 2502 de
652 2435 711 2502 tali
742 2458 774 2501 re
807 2437 1001 2502 ostendenda
1033 2439 1200 2524 cogitasse.
1237 2436 1274 2501 ln
1305 2437 1353 2518 (3)
1385 2436 1466 2503 Don.
1499 2457 1555 2522 per

360 2543 512 2623 „eutem”
540 2544 598 2608 hcc
621 2541 778 2608 scholium
802 2544 952 2608 iunxerat
975 2564 1049 2608 cum
1073 2543 1131 2624 (1).

404 2867 420 2932 1
451 2865 482 2931 4.
496 2863 526 2930 9.
563 2865 610 2930 De
641 2863 761 2931 scholio
793 2863 841 2946 (6)
873 2864 912 2928 ab
943 2863 1073 2929 Editcre
1103 2863 1294 2949 interpolato
1325 2867 1359 2928 in
1390 2872 1553 2950 postremo

359 2976 463 3059 capite
486 2993 594 3059 agam.

403 3078 483 3145 lbid.
511 3078 551 3143 15
586 3078 648 3144 Sed
679 3077 735 3142 ubi
768 3075 985 3162 Antiphonem
1016 3073 1194 3160 reperiam?
1224 3076 1292 3141 Aut
1315 3094 1378 3161 qua
1403 3097 1554 3162 quaerere

357 3189 505 3253 insistam
529 3182 602 3251 rial

352 3327 354 3332 ·
405 3292 452 3374 (1)
478 3289 581 3369 „Sed”
606 3311 663 3376 pro
687 3311 783 3376 crgo,
806 3295 845 3354 ut
864 3291 924 3354 sit:
949 3308 1026 3374 ergo
1046 3288 1104 3354 ubi
1124 3289 1163 3354 A.
1184 3287 1364 3374 reperiam?
1435 3290 1484 3372 (2)
1505 3292 1553 3356 An

358 3400 411 3464 hic
431 3418 488 3483 pro
508 3396 570 3461 fine
590 3398 762 3482 superioris
782 3398 959 3460 sententiae
982 3398 1046 3470 est,
1071 3400 1110 3458 nt
1132 3393 1314 3472 Sallustius,
1343 3396 1418 3483 „sed
1442 3395 1555 3462 Metel·

357 3504 410 3570 lus
439 3506 473 3570 in
505 3501 694 3568 ulteriorem
725 3501 944 3586 provinciam''
976 3501 1132 3586 (fragm).
1202 3499 1251 3582 (3)
1284 3500 1500 3586 „Reperiam”
1525 3505 1554 3567 si

359 3608 477 3675 alicubi
501 3613 618 3684 cesset,
653 3613 729 3683 „aut
752 3627 815 3691 qua
839 3627 868 3691 q.
882 3609 903 3670 i.
917 3605 971 3671 v.’'
997 3607 1024 3670 si
1047 3605 1166 3670 alicubi
1191 3605 1346 3672 ambules.
1372 3643 1416 3656 -
1442 3607 1554 3672 Omnis

359 3718 462 3791 enirn,
488 3716 543 3798 qui
567 3715 740 3798 quaeritur,
766 3718 822 3776 aut
846 3717 947 3777 cessat
971 3717 1027 3776 aut
1051 3710 1215 3788 ambulat.e
1406 3759 1409 3767 .

405 3819 452 3884 De
478 3817 574 3896 „sed”
600 3818 677 3884 haec
699 3819 1022 3903 insuperhabcmns:
1044 3818 1141 3882 Andr.
1160 3817 1239 3903 prol.
1263 3817 1303 3882 11
1328 3817 1412 3896 „Sed
1424 3821 1553 3886 temen''

359 3925 507 3996 discretio
527 3931 575 3989 est
595 3945 614 3989 a
634 3925 861 4009 superioribus.
889 3923 920 3987 11
942 3923 971 3989 l.
996 3923 1037 3987 10
1050 3921 1097 4002 (2)
1120 3921 1201 4000 „Sed
1214 3922 1424 4008 Pamphilum
1439 3925 1553 3991 video’'

358 4036 410 4112 (ut
433 4030 515 4113 hl.)
540 4031 636 4108 „sed”
660 4032 862 4115 inceptivum
886 4035 935 4094 est
977 4034 1014 4093 ut
1037 4026 1210 4093 Sallustius
1234 4029 1466 4110 (citaturidem
1480 4038 1554 4110 eu).

931 4077 952 4130 ‘5

358 4137 406 4203 111
439 4135 503 4202 1.4
539 4137 670 4222 Semper
707 4135 805 4214 „scd”
841 4138 1017 4201 contrariae
1053 4137 1228 4200 sententiae
1263 4135 1458 4222 significatio
1493 4144 1552 4202 est.

359 4244 480 4309 Phorm
511 4243 525 4306 l
549 4240 676 4327 2.7(2)
701 4241 785 4320 „Sed
809 4245 865 4327 qui
889 4246 926 4307 tu
950 4262 982 4307 es
1005 4239 1152 4307 tristisl'’
1177 4247 1228 4324 (nt
1251 4242 1335 4324 hl.)
1362 4243 1460 4321 „sed”
1485 4265 1554 4329 par·

359 4350 459 4416 tioula
494 4352 666 4415 transitum
697 4349 858 4437 siguificat
889 4349 928 4414 ad
959 4351 1157 4415 mentionem
1175 4347 1320 4423 ¹alterius
1351 4351 1408 4414 rei.
1455 4349 1552 4435 quue

358 4458 509 4544 repetivit
544 4455 655 4520 Elditor
686 4454 771 4520 111
804 4454 835 4520 4.
850 4452 891 4521 37
905 4455 953 4537 (l)
987 4454 1086 4534 „Sed
1102 4457 1174 4540 quis
1205 4455 1257 4520 hic
1289 4460 1336 4521 est
1368 4476 1464 4521 senex
1479 4505 1485 4521 .
1500 4452 1550 4521 .t”·
