3450 5382
362 315 426 384 166
878 333 1035 384 oonsrus.

359 487 458 568 tioula
488 523 551 586 qua
581 503 679 568 etiam
709 497 888 566 licronis
917 502 1166 567 commentarios
1189 500 1229 567 ad
1252 499 1335 567 1111.
1362 499 1559 566 111111-

359 610 486 694 signare
517 606 615 674 solet:
646 607 696 672 udi
727 610 749 673 i.
770 628 797 674 e.
827 607 870 672 ad
901 628 996 693 quem
1027 607 1147 674 locum.
1180 605 1284 672 Iulius
1307 606 1470 673 Romanus
1493 607 1555 671 hoc

360 712 472 781 Celsi
504 721 725 779 commentum
748 712 785 779 ad
806 713 1036 778 Phormionem
1060 713 1207 779 adhibuit
1230 717 1359 778 tantum
1383 711 1421 777 de
1445 712 1557 777 adver·

359 821 484 885 biorum
508 841 587 896 usu,
612 841 674 885 non
697 821 731 884 in
755 817 887 904 reliquis
912 821 1073 904 capitibus
1097 819 1134 884 de
1158 821 1401 896 coniunctione,
1425 839 1557 903 praepo·

359 928 493 1004 sitione,
525 927 762 1005 interiectione,
795 925 880 1010 quod
904 928 996 990 cuius
1020 928 1066 990 rei
1089 946 1183 990 causa
1207 926 1318 990 iecerit
1342 945 1398 989 nos
1422 923 1503 989 latet
1531 931 1554 1004 ).

359 1031 409 1096 Er
442 1031 500 1096 hoc
535 1033 638 1117 igitur
668 1038 849 1096 commento
883 1052 958 1096 cum
994 1030 1162 1117 Nigidii
1199 1036 1271 1094 tum
1306 1030 1554 1115 frequentiorem

360 1139 486 1204 Probi
517 1141 714 1203 mentionem
745 1136 952 1202 derivandam
976 1158 1043 1202 esse
1067 1136 1213 1202 dixerim.
1251 1137 1497 1202 Wessnerus
1520 1134 1555 1200 id

361 1247 429 1332 egit
460 1251 497 1308 ut
527 1247 625 1309 citata
655 1240 775 1310 Graeca
806 1249 837 1308 et
861 1242 974 1308 Latina
997 1264 1015 1307 e
1041 1243 1231 1320 „veterum”
1257 1244 1402 1327 scriptis,
1427 1263 1491 1306 non
1516 1261 1557 1305 ex

360 1351 412 1415 his
434 1353 513 1435 ipsis
536 1350 590 1415 sed
614 1371 653 1415 ex
678 1351 802 1434 Aspri
825 1351 1064 1414 commentariis
1089 1348 1127 1413 ad
1152 1347 1235 1427 Ter„
1261 1348 1462 1434 Vergilium,
1488 1345 1557 1412 Sal·

359 1455 515 1536 lustium,
540 1477 618 1542 quos
638 1455 688 1521 W.
709 1455 943 1540 quodammodo
964 1457 1134 1520 restituere
1154 1461 1287 1520 conatus
1307 1460 1370 1532 est,
1393 1474 1411 1519 a
1431 1452 1558 1518 Donato

360 1562 514 1629 translata
533 1584 601 1629 esse
618 1562 822 1627 demonstret.
842 1561 1060 1648 Negatetiam
1073 1582 1148 1626 eum
1169 1559 1388 1626 Menandri
1409 1557 1559 1643 exempla

361 1671 468 1754 ipsum
489 1670 682 1753 inspexisse,
697 1703 740 1716 -
753 1667 836 1752 quod
855 1668 1026 1732 mirabitur
1044 1669 1099 1753 qui
1117 1669 1303 1732 meminerit
1322 1666 1558 1730 Ausonium

360 1781 438 1840 tunc
458 1777 609 1860 temporis
623 1776 824 1859 ¹praecepisse
842 1773 960 1859 Nepoti
982 1791 1056 1838 suo:
1083 1771 1261 1852 „Oonditor
1283 1771 1399 1838 Iliados
1421 1776 1453 1836 et
1472 1791 1559 1835 ama

362 1880 438 1946 bilis
458 1901 527 1946 orsa
546 1879 714 1946 Menandri
733 1878 908 1946 evolvenda
928 1879 1021 1943 tibi''.
1036 1915 1078 1928 —
1099 1878 1324 1963 contenditque
1344 1897 1407 1942 non
1427 1881 1558 1942 tantum

363 1987 522 2062 Enniana,
554 1985 719 2051 buciliena
743 1983 869 2070 aliaque
892 1987 1088 2059 vetustiora,
1115 1984 1169 2049 sed
1193 1983 1246 2050 uel
1269 1981 1420 2070 pleraque
1443 1981 1558 2047 Teren·

363 2095 464 2170 tiana,
485 2092 686 2178 Vergiliana,
707 2090 915 2168 Sallustiana,
938 2095 1011 2178 cett.
1034 2111 1072 2154 ex
1092 2090 1188 2175 Aspri
1207 2090 1445 2154 commentariis
1466 2085 1558 2152 aDo-

362 2205 437 2265 nuto
458 2220 525 2264 esse
545 2197 707 2264 translata.
734 2197 802 2262 Hac
821 2203 931 2262 autem
949 2199 984 2260 in
1004 2217 1036 2261 re
1057 2195 1119 2262 duo
1140 2195 1274 2261 tenenda
1297 2200 1382 2260 sunt.
1405 2194 1558 2258 Primum

364 2307 440 2371 hoc:
466 2305 706 2370 institutionem
729 2302 953 2369 scholasticam
977 2301 1163 2367 huiusmodi
1187 2304 1388 2379 citationum,
1413 2321 1493 2384 quae
1518 2298 1559 2364 ad

361 2433 430 2484 ¹rem
454 2413 701 2497 grammaticam
726 2408 827 2496 vulgo
851 2409 1070 2494 pertinebant,
1102 2410 1193 2493 quasi
1224 2408 1412 2472 thesaurum
1443 2407 1559 2483 fuisse,

364 2522 402 2602 ut
432 2520 531 2582 etiam
562 2517 656 2582 hodie
680 2516 851 2582 ostendunt
873 2514 948 2580 libri
972 2512 1118 2580 Gramm.
1143 2513 1225 2591 Iret,
1251 2516 1307 2599 qui
1331 2514 1475 2578 thesauri
1497 2515 1560 2577 im-

364 2623 534 2710 plcbantur
565 2645 603 2688 ex.
627 2623 807 2688 doctiorum
832 2622 1078 2697 commentariis,
1105 2619 1160 2685 sed
1183 2620 1234 2684 his
1256 2621 1336 2704 ipsis
1359 2621 1456 2684 etiam
1480 2639 1557 2703 opes

364 2751 437 2795 suas
467 2729 724 2815 suppeditabant.
756 2728 916 2814 Vigebant
939 2748 975 2792 ea
998 2727 1104 2791 studia
1127 2729 1195 2791 iam
1218 2725 1292 2790 inde
1317 2725 1356 2790 ab
1379 2723 1472 2790 Aelio
1496 2723 1560 2788 Sti·

363 2836 453 2914 lone,
475 2835 673 2922 Vergiliique
692 2842 836 2920 tempore
856 2833 909 2899 vel
928 2833 1024 2920 paulo
1043 2838 1118 2917 post
1137 2835 1203 2896 iam
1224 2833 1323 2896 fuisse
1343 2833 1557 2918 cognovimus

365 2946 420 3030 qui
449 2942 535 3008 locos
566 2945 634 3007 eius
666 2940 834 3027 parallelos
862 2961 936 3006 cum
962 2939 1120 3016 Homero,
1145 2959 1223 3002 mox
1247 2959 1322 3002 cum
1346 2936 1469 3014 Ennio,
1494 2923 1558 3000 Lu-

363 3051 480 3127 cretio,
505 3048 577 3114 aliis
600 3054 755 3114 eruerent.
789 3046 896 3112 libiam
922 3045 1143 3111 Aristarchum
1166 3043 1308 3109 latinum
1331 3045 1376 3108 sic
1398 3041 1557 3108 laborasse

400 3311 426 3374 1)
445 3311 626 3359 Wessnerus
642 3324 666 3372 p.
686 3309 716 3356 15
734 3323 784 3372 sqq.
802 3305 952 3355 vehementer
971 3303 1065 3353 dubitat
1082 3319 1139 3353 num
1158 3302 1289 3352 Arruntius
1305 3301 1388 3354 Celsus
1402 3301 1559 3352 Phormionie

346 3375 560 3441 'commentarium
574 3390 734 3453 dederitque
748 3389 821 3438 etiam
838 3387 858 3436 11
876 3386 994 3436 exstiterit
1012 3388 1133 3436 Donatum
1150 3388 1231 3434 tamen
1246 3401 1315 3435 usum
1330 3400 1379 3434 esse
1393 3387 1472 3450 negat.
1490 3384 1557 3433 Mihi

365 3477 476 3522 neutrum
499 3472 624 3538 persuasit.
646 3473 707 3520 Saue
729 3486 769 3520 111
791 3469 842 3519 11111
864 3468 929 3529 locis,
946 3485 1005 3532 quos
1022 3468 1106 3517 citavit
1124 3468 1144 3516 1.
1163 3469 1201 3527 R.
1219 3466 1328 3516 Donatus
1347 3470 1389 3515 aut
1406 3466 1468 3516 nibil
1485 3465 1558 3516 hebet

364 3557 410 3618 (IV
428 3557 486 3618 11)
512 3559 554 3604 aut
576 3555 650 3614 aliud,
673 3557 779 3602 attamen
802 3563 918 3617 nusquam
938 3551 1095 3609 contrarium,
1121 3553 1192 3614 atquc
1209 3565 1237 3598 ex
1254 3549 1304 3598 illis
1321 3552 1371 3598 tres
1388 3549 1510 3614 pertinent
1527 3549 1557 3598 ad

365 3653 416 3688 eom
435 3637 527 3687 tabulae
543 3639 644 3702 partem,
662 3635 729 3684 cuius
743 3642 903 3684 commentum
918 3637 954 3682 est
968 3633 1090 3684 mutilum.
1105 3631 1231 3682 Formulae
1245 3631 1347 3681 Romani
1366 3630 1432 3680 ‚ubi
1449 3628 1557 3690 Celsus'’,

367 3736 462 3771 ,nunc
479 3719 616 3768 adverbium
634 3717 695 3777 eet''‚
717 3718 855 3781 »quidam
873 3717 917 3765 eie
934 3713 1063 3780 legunt''
1080 3715 1206 3778 designant
1224 3717 1500 3765 commentatorem
1517 3713 1559 3774 (cf.

365 3802 498 3853 heronis
522 3800 556 3851 1.1.
574 3817 586 3850 e
605 3800 669 3850 Iulio
687 3800 717 3850 R.
735 3801 798 3864 apud
818 3800 908 3848 Wessu.
927 3815 950 3862 p.
970 3800 1001 3848 16
1019 3800 1071 3862 sq),
1089 3797 1136 3846 nisi
1153 3797 1213 3846 elius
1230 3796 1285 3847 libri
1304 3797 1393 3846 titulus
1410 3797 1513 3846 addatur
1531 3799 1559 3846 ut

367 3885 422 3936 nubi
439 3885 475 3934 Fl.
502 3883 579 3948 Caper
604 3883 632 3932 de
659 3881 795 3931 latinitate’'
819 3881 901 3943 (Char.
925 3896 950 3945 p.
975 3879 1081 3939 19131,
1105 3881 1214 3942 20181)
1247 3879 1411 3928 Wessueri
1437 3878 1558 3928 conclusio

364 3971 397 4032 (p.
416 3967 471 4028 ld):
499 3967 561 4014 uDas
584 3963 699 4028 Mrgebnis
721 3963 753 4012 111
775 3962 825 4011 else
848 3962 951 4026 negatis,
976 3961 1014 4010 eiu
1039 3963 1196 4011 Kommentar
1217 3962 1258 4010 des
1274 3960 1406 4010 Arruntius
1424 3960 1506 4009 Celsus
1523 3960 1560 4010 111

366 4049 451 4114 Quelle
476 4048 517 4097 1111·
544 4049 622 4096 Donat
647 4046 679 4095 111
705 4045 772 4095 nicht
795 4044 955 4094 nachweisbar
972 4045 1020 4093 und
1037 4044 1108 4093 somit
1126 4042 1188 4092 wohl
1205 4043 1265 4092 auch
1283 4043 1352 4092 nicht
1369 4042 1561 4103 enzuuehmen”‚

364 4146 449 4197 parum
473 4130 603 4195 prudenter
624 4131 737 4193 concepta
755 4127 856 4177 ridetur.
876 4127 941 4192 Quid
959 4127 1023 4175 euim
1040 4126 1065 4176 in
1083 4126 1219 4176 huiusmodi
1237 4125 1424 4190 quaestiouibus,
1442 4140 1503 4188 quse
1521 4140 1560 4174 11·-

365 4215 532 4274 gumentorum
549 4210 630 4275 inopia
648 4226 777 4274 numquam
791 4210 820 4258 11
835 4209 952 4273 liquidum
966 4208 1063 4273 perduci
1078 4208 1175 4273 possint,
1191 4208 1238 4258 diei
1253 4211 1332 4272 potest
1349 4206 1561 4256 .11111111111111”1

365 4295 420 4360 Ipsa
444 4295 494 4343 eius
512 4293 647 4358 disquisitio
664 4293 800 4343 doctissima
816 4293 845 4341 de
861 4292 932 4357 Aspri
951 4295 1028 4341 aetate
1048 4295 1072 4340 et
1090 4291 1186 4355 scriptis
1203 4295 1226 4340 et
1244 4290 1301 4354 quid
1320 4290 1376 4338 inde
1395 4289 1419 4338 in
1441 4291 1560 4340 donatum

364 4376 548 4444 permanaverit,
571 4375 634 4425 ultra
657 4374 779 4441 probabile
801 4389 848 4424 non
871 4374 979 4438 procedit
1002 4377 1044 4423 eut
1062 4375 1189 4440 procedere
1207 4375 1295 4439 potest,
1314 4388 1357 4422 nec
1372 4375 1452 4422 tamen
1470 4372 1559 4422 idcirco

364 4459 516 4510 concludemr
536 4458 622 4508 ,1111111
639 4457 701 4507 wohl
718 4457 778 4507 auch
796 4456 863 4507 nicht
880 4454 1068 4507 anaunehmen''.
