3418 5392
377 365 421 432 66
898 385 1054 438 nousrus.

420 549 479 615 111.
503 549 534 615 4.
549 549 649 636 tsqq.
687 552 829 636 Antipho
860 554 987 638 quaerit
1018 551 1211 631 Chaeream,
1244 554 1299 638 qui
1331 574 1409 619 mox
1440 551 1576 640 adparet

375 657 514 722 eunuchi
538 662 627 723 veste
651 657 804 722 indutus:

421 763 592 829 Praeteriit
615 771 761 850 tempus;
786 784 849 850 qno
872 767 905 829 in
929 764 999 831 loco
1023 765 1147 830 dictum
1170 770 1236 845 eet,
1258 767 1363 851 parati
1386 763 1469 831 nihil
1492 770 1551 833 est.

421 867 528 934 Homo
550 871 619 955 ipse
642 890 803 955 nusquam
1480 932 1482 936 ,

376 971 395 1039 7
420 973 574 1053 Quisnam
598 975 710 1040 hinca
733 974 854 1041 Thaide
878 973 966 1040 exiti
988 975 1020 1042 Is
1043 982 1092 1042 est
1115 974 1328 1041 annonast?
1352 975 1446 1062 Ipsus
1466 981 1526 1042 cst.

420 1078 503 1158 Quid
527 1080 586 1145 hoc
610 1078 771 1146 hominis?
795 1081 878 1161 Quid
902 1082 955 1146 hic
974 1079 1127 1147 ornatus?
1151 1081 1234 1161 Quid
1254 1080 1336 1146 illud
1356 1081 1435 1146 mali
1455 1078 1526 1146 est?

420 1185 469 1267 (l)
495 1185 685 1264 „Praeteriit
705 1186 856 1273 tempus”
877 1189 953 1272 quia
975 1187 1434 1273 „tempusconstitutnmest”
1448 1191 1510 1267 (vs.
1525 1184 1572 1267 3).

374 1291 422 1372 (2)
455 1313 539 1378 „quo
569 1294 602 1356 in
627 1291 718 1358 loco”
743 1295 818 1378 qnia
844 1291 953 1370 „locus
976 1295 1172 1359 constitutus
1194 1292 1265 1359 est”
1289 1293 1404 1375 (ibid).
1474 1291 1526 1356 Ad
1550 1292 1571 1356 5

376 1397 504 1477 „Homo
526 1396 616 1483 ipse'’
641 1400 717 1484 quia
742 1397 940 1476 „Chaeream
959 1401 989 1465 ei
1010 1401 1056 1464 rei
1077 1399 1309 1485 praefecimus”
1330 1403 1390 1476 (vs.
1405 1397 1451 1478 2).
1521 1396 1574 1462 Ad

373 1502 456 1584 8(3)
482 1502 587 1583 „Quid
606 1503 639 1568 h.
659 1503 691 1568 h.
713 1505 782 1568 est''
803 1503 924 1589 quoda
944 1504 1064 1570 Thaide
1084 1505 1228 1590 ephebus
1246 1506 1324 1569 exit.
1393 1503 1443 1584 (4)
1465 1501 1572 1582 „Quid

373 1609 405 1673 h.
431 1609 484 1674 o.”
509 1609 594 1695 quod
616 1608 654 1675 de
678 1610 817 1675 eunuchi
841 1615 929 1675 veste
954 1610 1087 1675 indutus
1111 1616 1170 1676 est.
1217 1609 1269 1675 Ad
1289 1609 1309 1674 9
1331 1607 1437 1687 „Quid
1456 1610 1480 1673 i.
1502 1607 1570 1673 m.”

373 1715 458 1800 quod
483 1715 619 1780 timidus
642 1715 817 1801 egreditur.

418 1821 506 1888 Haec
537 1823 644 1887 omnia
672 1823 709 1884 in
733 1842 829 1886 usum
855 1824 1000 1887 tironum
1023 1844 1042 1887 a
1065 1824 1231 1908 magistris
1255 1821 1374 1886 dictata
1396 1840 1454 1905 per
1479 1818 1573 1887 Com-

371 1928 543 2013 pilatorem
564 1927 628 1992 huc
651 1932 881 2013 permanerunt
907 1936 929 2009 ).

419 2033 500 2114 8(1)
524 2032 604 2100 Vide
626 2055 665 2099 an
689 2033 821 2120 longam
843 2036 1057 2100 narrationem
1079 2037 1182 2119 possit
1201 2034 1329 2111 audire,
1351 2034 1407 2118 qni
1426 2032 1570 2098 nondum

372 2142 475 2204 amico
498 2144 645 2204 narrante
668 2141 736 2205 iam
760 2140 812 2217 (of.
833 2161 901 2207 var.
920 2139 958 2221 1.)
982 2140 1127 2225 pendeat.
1197 2140 1245 2222 (2)
1269 2139 1347 2205 Vide
1367 2161 1407 2204 an
1426 2141 1572 2224 potnerit

372 2247 573 2310 meretricem
603 2247 750 2331 ignotam
782 2246 842 2312 hoc
873 2246 987 2311 habitu
1020 2251 1116 2332 atque
1147 2251 1259 2312 ornatu
1292 2245 1418 2323 fellere,
1450 2247 1508 2329 qui
1530 2245 1570 2310 ab

373 2351 554 2435 Antiphone
577 2353 633 2417 vix
657 2353 851 2437 agnoscitur.
921 2351 1009 2418 Haec
1033 2357 1195 2438 postrema
1218 2352 1397 2418 observatio
1420 2355 1571 2435 opportu-

375 2457 508 2521 nissima
531 2461 596 2536 est;
621 2455 679 2521 illa
702 2478 765 2522 non
787 2457 828 2522 ad
851 2457 937 2523 hunc
959 2479 1089 2523 versum
1113 2460 1269 2544 pertinet,
1294 2457 1349 2522 sed
1372 2456 1507 2522 fortasse
1529 2455 1570 2520 ad

375 2559 395 2624 4
417 2564 603 2645 „praeteriit
623 2561 775 2647 tempus”
796 2568 886 2641 cett.;
909 2563 987 2648 qnid
1006 2570 1116 2629 autem
1136 2564 1198 2628 sibi
1216 2562 1290 2630 vult
1310 2565 1395 2640 „iam
1409 2560 1567 2647 pendeet”

373 2673 606 2750 usurpatumne
630 2688 688 2753 pro
713 2667 935 2744 „festinatione
957 2666 1138 2754 trepidet'i
1166 2665 1317 2735 Oeterum
1339 2667 1482 2752 Antipho
1501 2687 1571 2731 ner·

371 2777 496 2837 rentem
520 2775 659 2838 amicum
686 2772 903 2858 placidissime
926 2774 1036 2840 audiet
1059 2795 1115 2860 per
1139 2779 1240 2840 totam
1265 2794 1411 2840 scaenam
1435 2792 1568 2858 sequen·

372 2882 457 2956 tem,
489 2885 610 2943 utnon
634 2899 791 2964 assequar,
815 2879 893 2965 quid
916 2880 992 2946 haec
1017 2881 1196 2945 observatio
1220 2881 1376 2945 momenti
1401 2883 1459 2944 aut
1482 2877 1571 2942 utili·

371 2986 447 3048 tatis
471 2983 596 3050 habeat.

415 3168 464 3234 lu
487 3169 552 3234 5.2
583 3167 693 3234 Iamne
717 3189 884 3254 erumpere
908 3168 967 3234 hcc
993 3167 1074 3232 mihi
1098 3167 1175 3232 licet
1197 3163 1377 3254 gandium?

416 3277 464 3356 (l)
496 3274 716 3360 „Erumpere”
748 3277 839 3360 quasi
868 3277 1010 3339 activum
1038 3273 1171 3339 verbum
1196 3276 1304 3358 posuit
1329 3293 1385 3357 pro
1408 3270 1567 3348 neutrali,

372 3385 410 3444 ut
433 3383 490 3445 sit:
515 3379 590 3445 licet
613 3381 697 3445 mihi
721 3399 888 3466 erumpere
911 3379 971 3445 hoc
993 3376 1173 3466 gandium?
1197 3400 1272 3444 cum
1291 3380 1334 3442 sit
1352 3377 1564 3464 „erumpere”

370 3489 461 3572 quasi
484 3489 598 3552 exire
622 3492 654 3552 et
675 3485 800 3564 „mihi”
825 3507 881 3572 pro
905 3507 924 3551 a
947 3507 1018 3551 me.
1064 3485 1112 3567 (2)
1135 3484 1255 3550 Utrum
1277 3483 1489 3569 „erumpere”
1509 3504 1565 3569 pro

371 3594 571 3658 emittere
596 3594 720 3677 posuit,
746 3613 784 3657 an
811 3590 1023 3676 „erumpere”
1048 3612 1106 3676 pro
1130 3589 1383 3666 exclamare,
1407 3595 1445 3654 ut
1465 3608 1565 3654 rum-

369 3719 468 3784 pere
492 3718 634 3764 vocem
655 3697 773 3762 dicitur
792 3699 848 3784 qui
867 3694 1046 3763 exclamat?
1072 3697 1177 3775 „Nam
1197 3718 1254 3782 pro
1274 3695 1441 3782 Iuppiter’'
1464 3695 1564 3760 dictu-

369 3825 425 3869 rus
449 3810 507 3870 est.

417 3910 504 3975 Haec
527 3912 723 3996 comparanti
747 3910 824 3994 quid
849 3907 1067 3974 adulterinum
1090 3910 1132 3973 sit
1155 3911 1188 3973 in
1212 3911 1366 3992 promptu
1390 3910 1448 3971 est.
1486 3905 1565 3970 Auc-

370 4022 421 4081 tor
457 4018 571 4102 prioris
606 4022 719 4101 putare
753 4015 883 4081 videtur
920 4014 1130 4099 „erumpere”
1166 4033 1292 4098 semper
1327 4032 1393 4076 esse
1428 4012 1562 4076 verbnm

368 4129 537 4199 nentrum,
574 4125 707 4199 exire,
745 4129 777 4187 et
807 4123 928 4186 nescire
960 4142 1058 4185 usum
1082 4122 1225 4185 activum
1249 4117 1333 4204 apud
1358 4116 1560 4192 Ciceronem,

369 4224 550 4305 Gaesarem,
575 4228 726 4306 Livium,
752 4228 807 4292 ubi
828 4226 902 4293 vide
923 4226 1146 4292 Weissenborn
1165 4224 1205 4290 ad
1226 4220 1394 4289 36.7.13.
1462 4222 1562 4288 Dona·

368 4340 422 4397 tus
453 4331 500 4414 (1)
531 4336 623 4399 novit
654 4335 739 4399 hunc
773 4354 886 4410 usum,
911 4332 965 4397 sed
989 4332 1114 4397 dubitat
1139 4332 1178 4396 de
1202 4330 1300 4394 huius
1324 4329 1385 4394 loci
1409 4327 1561 4416 significe-

403 4519 430 4582 1)
447 4517 484 4567 Ci.
501 4516 565 4566 inira
581 4515 670 4565 similia
685 4515 716 4565 ad
731 4513 765 4563 lv
783 4516 801 4563 4
819 4514 894 4576 540)
912 4513 946 4574 (3)
962 4515 1006 4574 (t).
