3450 5382
351 327 415 392 136
869 343 1023 390 1111111.
1131 299 1134 306 ’

394 509 422 574 V
446 510 477 578 8.
492 509 535 576 23
558 509 621 576 Sed
646 511 746 575 transi
770 508 860 574 sodes
883 507 923 572 ad
947 508 1053 573 forum
1077 513 1173 593 atque
1195 506 1278 573 illud
1302 507 1385 572 mihi

555 618 736 703 Argentum
760 635 889 679 rursum
912 615 987 679 iube
1011 615 1159 691 rescribi,
1185 614 1349 679 Phormio.

462 723 528 789 Ph.
553 723 644 803 Quod
667 743 727 808 ego
751 723 898 807 rescripsi
921 742 1015 805 porro
1037 719 1102 784 illis
1126 721 1242 806 quibus
1266 718 1383 785 debui?

394 831 442 909 (1)
463 828 650 908 ‚,Rescribi‘'
670 827 777 906 reddi,
798 826 920 893 scilicet
939 848 995 912 par
1010 847 1138 892 mensae
1150 829 1354 912 scripturam.
1402 826 1547 909 (2)111ο-

347 939 436 1002 niem
465 935 761 1001 adnumerationem
784 935 937 1019 pecuniae
960 933 1118 1000 antecedit
1142 935 1375 1018 scriptura,
1399 934 1547 998 rescri-

348 1043 441 1107 bere
476 1041 623 1106 dicebant
657 1062 715 1125 pro
750 1041 1024 1117 remuneratione,
1060 1043 1092 1103 et
1126 1041 1170 1103 sic
1204 1039 1303 1104 infert
1339 1039 1445 1124 ,quod
1482 1059 1544 1125 ego

348 1149 496 1232 rescripsi
525 1168 617 1232 porro
643 1145 711 1211 illis
740 1146 856 1230 quibus
885 1144 1011 1210 debui'’.
1049 1144 1136 1209 Haec
1165 1150 1215 1210 est
1246 1166 1323 1231 ergo
1353 1144 1475 1232 figura,
1509 1146 1544 1208 in

349 1274 412 1338 qua
441 1252 579 1318 secunda
605 1251 644 1316 de
674 1253 788 1336 primis
818 1250 1038 1337 significatum
1067 1256 1211 1316 sumunt.
1281 1249 1329 1332 (3)
1357 1249 1545 1327 ,‚Itescribi’'

348 1380 405 1444 par
434 1361 644 1444 scripturam,
675 1357 708 1422 id
739 1362 788 1422 ast
819 1355 857 1422 de
888 1377 1016 1422 mensae
1046 1359 1206 1442 scriptura
1229 1357 1297 1422 dari
1304 1378 1313 1437 ;
1338 1356 1423 1422 unde
1447 1356 1545 1421 hodie

349 1464 478 1530 additur
502 1464 723 1549 chirographis
749 1462 865 1540 „domo
890 1485 929 1528 ex
953 1465 1115 1529 11111111
1139 1485 1268 1529 mensae
1292 1463 1486 1549 scriptura’'.

395 1571 439 1637 30
451 1572 500 1654 (1)
532 1571 644 1651 ,Quod
676 1591 737 1656 ego
770 1569 864 1634 1.1.”
896 1591 953 1655 per
982 1572 1174 1655 scripturam
1198 1569 1332 1635 reddidi.
1402 1568 1451 1648 (2)
1474 1566 1547 1632 illis

349 1678 431 1760 dedi,
453 1682 490 1742 ut
509 1677 594 1762 apud
614 1674 796 1762 Vergilium
817 1675 967 1777 ,deditur
985 1677 1038 1741 hic
1058 1676 1165 1742 subito
1183 1674 1320 1742 Troiana
1337 1695 1394 1761 per
1413 1676 1548 1761 agmina

349 1786 480 1850 rumor’'
506 1783 578 1864 (Vll
604 1783 691 1864 144).

395 1890 604 1956 111111111111
627 1891 704 1954 haec
725 1888 847 1954 scholia
866 1889 916 1954 his
937 1894 1084 1954 veterum
1104 1888 1182 1954 locis
1198 1885 1239 1969 ¹):
1259 1887 1320 1954 Ad.
1341 1887 1372 1953 11
1392 1887 1545 1967 4.13(1)

351 1997 443 2084 ,ligo
472 1997 511 2062 ad
535 1998 640 2062 forum
663 1994 738 2060 ibc''
763 2001 836 2061 ium
859 1997 945 2060 enim
968 1997 1002 2059 in
1026 1994 1094 2060 foro
1117 2002 1149 2060 11
1173 1994 1211 2060 de
1234 2015 1362 2061 mensae
1385 1997 1545 2079 scriptura

349 2104 401 2185 (cf.
427 2124 523 2188 supra
547 2101 615 2183 (3))
639 2103 744 2187 magis
769 2122 865 2186 quam
890 2123 928 2166 ox
952 2122 1023 2167 arca
1047 2101 1205 2186 domoque
1228 2101 1281 2167 vel
1304 2104 1383 2166 cista
1406 2103 1546 2187 pecunia

349 2207 611 2274 numerabatur''.
681 2207 786 2273 Schol.
817 2207 888 2272 Ter.
920 2208 969 2272 ed.
1002 2205 1114 2273 Schlee
1145 2229 1176 2292 p.
1211 2206 1352 2286 139,14
1383 2207 1423 2272 ad
1454 2207 1543 2273 h.l.:

351 2315 461 2394 „reddi
492 2335 550 2399 per
579 2313 793 2398 scripturam’'
864 2313 916 2378 Ps.
949 2313 1054 2378 Acron
1086 2312 1544 2380 adHor.Serm.113.74:

351 2420 542 2500 „rescribere
573 2427 620 2484 est
654 2423 740 2484 enirn
771 2420 916 2484 debitum
940 2418 1079 2497 solvere,
1104 2420 1164 2484 boc
1187 2424 1235 2485 est
1259 2421 1417 2505 scriptum
1442 2419 1545 2484 debiti

348 2526 493 2591 liberare.
518 2524 687 2590 Terentius
712 2573 742 2602 ‚,.
758 2573 788 2590 ..
812 2526 886 2590 iube
906 2526 1056 2589 rescribi”
1076 2525 1137 2590 hoc
1157 2531 1205 2591 est
1224 2524 1313 2590 reddi
1332 2546 1388 2610 par
1408 2527 1545 2611 scriptu-

348 2630 452 2696 ram”.
472 2629 561 2696 Serv.
582 2631 621 2695 ad
642 2630 872 2696 1111111422
888 2629 1061 2708 ,rescribi”
1076 2652 1150 2696 vcro
1162 2631 1267 2696 reddi:
1289 2630 1444 2696 Horatius
1457 2629 1542 2713 (1.1.)

395 2736 440 2800 Hi
464 2735 527 2800 loci
550 2758 613 2801 non
635 2735 788 2802 multum
803 2736 885 2801 lucis
910 2737 948 2801 ad
972 2735 1169 2801 scholiorum
1192 2743 1373 2802 nostrorum
1397 2743 1544 2802 auctores

347 2841 581 2928 cognoscendos
605 2842 749 2907 afferunt.
775 2842 822 2907 De
841 2843 892 2906 his
912 2851 1021 2907 autern
1042 2845 1086 2908 sic
1105 2841 1313 2908 iudicandum
1334 2864 1401 2908 1111
1420 2863 1542 2908 111111.

392 2947 497 3014 Schol.
530 2947 578 3029 (2)
610 2951 800 3014 concinnum
833 2969 961 3033 prorsus
994 2951 1070 3013 satis
1102 2949 1179 3014 facit
1208 2949 1247 3014 ad
1271 2950 1361 3014 verbi
1386 2949 1471 3033 quod
1493 2955 1543 3014 est

349 3054 521 3131 ,rescribi”
553 3057 672 3119 iustam
696 3053 886 3140 plenamque
909 3053 1170 3141 intelligentiam.
1196 3055 1266 3120 Hoc
1289 3057 1392 3141 igitur
1416 3054 1539 3121 Donato

347 3160 515 3238 debemus,
540 3163 596 3245 qui
618 3161 721 3239 idem,
748 3167 784 3225 11
808 3166 901 3246 puto,
927 3163 1092 3246 praemisit
1111 3181 1150 3224 ex
1170 3161 1234 3242 (l):
1258 3161 1429 3248 ‚,rescribi''
1450 3160 1540 3226 reddi

348 3303 390 3316 -
415 3265 497 3331 nihil
526 3265 675 3352 amplius.
710 3266 874 3332 Praeterea
906 3268 1001 3331 etiarn
1036 3288 1092 3351 pre
1115 3266 1333 3332 additamento
1357 3266 1539 3333 habendum

347 3377 412 3447 est,
437 3371 522 3455 quod
543 3370 666 3457 legitur
688 3365 730 3436 in¹
744 3371 805 3436 fine
829 3371 927 3437 schol.
952 3371 1000 3453 (1)
1025 3372 1134 3449 ,Haec
1154 3378 1203 3438 est
1223 3394 1299 3459 ergo
1318 3372 1443 3459 figura’'
1465 3379 1540 3438 cett.

347 3476 428 3542 Don.
462 3477 581 3563 figuras
612 3480 784 3564 separatim
816 3479 911 3543 refert
942 3485 973 3543 et
1002 3477 1156 3544 vocabulo
1189 3477 1309 3545 Graeco
1341 3479 1393 3546 vel
1424 3479 1539 3546 saltem

347 3585 480 3647 certiore
499 3583 656 3661 formula,
678 3605 776 3669 quarn
796 3585 872 3650 haec
892 3589 956 3663 ost,
978 3606 1058 3670 quae
1076 3584 1199 3650 redolet
1211 3585 1351 3652 ilditoris
1365 3585 1538 3652 formulam

347 3709 438 3773 saepe
462 3698 650 3774 usurpatam
675 3692 735 3768 ,ab
760 3712 795 3756 eo
819 3691 901 3776 quod
925 3690 1094 3776 praecedit,
1119 3693 1151 3755 id
1177 3692 1261 3777 quod
1285 3693 1462 3777 sequitur’'.

347 3792 453 3859 Schol.
475 3793 522 3875 (3)
541 3794 668 3860 11111111
686 3796 809 3874 tribue,
830 3798 886 3880 qui
905 3817 955 3861 111
979 3798 1120 3882 sumpsit
1138 3818 1154 3861 e
1175 3796 1256 3862 Dcn.
1276 3797 1316 3863 ad
1335 3797 1471 3882 Adelph.
1491 3797 1539 3863 l.l.

346 3899 400 3964 sed
431 3902 498 3966 suis
523 3903 627 3966 verbis
651 3923 703 3967 eas
728 3905 869 3970 vestivit.
939 3902 1044 3968 Schol.
1072 3902 1139 3985 30(
1163 3910 1185 3985 ),
1210 3907 1259 3969 uti
1283 3904 1540 3971 additamentum

221 4043 223 4046 -
348 4005 390 4070 29
403 4007 451 4088 (1)
477 4007 619 4086 ,scilicet
643 4031 673 4094 p.
699 4030 742 4074 m.
768 4009 861 4087 scr.”,
891 4012 1055 4074 continent
1077 4009 1248 4096 vulgarem
1272 4012 1363 4076 verbi
1386 4010 1541 4077 definitio·

346 4134 434 4191 nem,
456 4120 494 4180 ut
513 4115 684 4180 ostendunt
702 4115 765 4181 loci
784 4137 880 4202 supra
897 4119 1002 4196 citati,
1021 4138 1118 4203 quarn
1130 4119 1163 4182 in
1177 4119 1378 4204 marginibus
1390 4119 1541 4185 exhibue

381 4371 408 4434 1)
432 4370 482 4420 Hos
505 4371 568 4420 locos
589 4375 671 4435 gratus
693 4370 764 4421 debeo
783 4373 811 4419 W
822 4373 960 4422 assueri
978 4373 1109 4422 industriae
1127 4374 1151 4422 in
1170 4374 1306 4439 Appendice
1322 4377 1483 4440 componendo
1500 4378 1542 4425 ad·

346 4451 444 4503 hibitus.
