3418 5392
675 410 834 462 uouxros.
1315 398 1356 464 15

155 577 325 666 pulsatum
356 599 422 644 esse
452 598 561 643 senem
593 599 632 642 ex
664 583 856 664 argumento
887 578 1043 644 falsarum
1067 583 1274 666 nuptiarum,
1301 581 1357 650 illo

156 689 368 772 argumento,
394 683 478 769 quod
501 685 546 748 ait
571 682 765 769 „paululum
786 685 943 762 obsonii’'‚
966 689 1133 771 tamquam
1154 708 1187 752 se
1206 686 1357 753 illuderet

157 790 280 856 Davus.
352 790 401 870 (5)
425 788 508 854 Sunt
531 810 609 875 ergo
633 789 747 868 verba,
770 797 810 854 ut
832 789 974 855 diximus
998 791 1112 872 (schol.
1139 792 1173 872 1)
1189 792 1222 872 ¹),
1247 815 1356 859 secum

157 899 332 984 cogitantis
362 899 445 961 senis
474 901 531 960 aut
555 895 594 960 de
618 896 687 974 his,
712 917 793 981 quae
816 917 901 961 nunc
924 895 1053 962 locutus
1078 903 1125 962 est
1149 898 1275 978 Davus,
1300 907 1357 965 aut

156 1004 195 1068 de
219 1003 361 1068 adventu
384 1001 578 1080 mulierum,
604 1023 685 1087 qnae
709 1005 742 1066 in
768 1023 914 1068 scaenam
937 1006 1073 1069 veniunt
1095 1004 1200 1070 modo.

202 1108 399 1195 Exemplum
422 1130 552 1194 prorsus
576 1111 728 1186 unicum,
746 1110 809 1174 'nbi
833 1107 993 1190 (4)=(2)
1018 1116 1050 1175 et
1069 1111 1239 1192 (5)=(l).
1265 1111 1356 1192 Quod

154 1221 266 1282 autem
286 1219 321 1281 iu
341 1216 389 1296 (5)
410 1214 538 1280 additur
560 1220 620 1292 „ut
641 1214 817 1293 diximus'',
838 1215 977 1281 ostendit
996 1223 1171 1302 utrumque
1191 1220 1225 1282 in
1246 1218 1357 1284 eodem

155 1321 334 1408 exemplari
364 1322 461 1386 fuisse
490 1326 523 1387 et
545 1319 662 1398 illum,
688 1323 743 1406 qui
767 1320 855 1386 dedit
879 1321 938 1407 (5),
964 1322 1057 1387 fateri
1080 1344 1113 1388 se
1137 1327 1235 1390 etiam
1263 1328 1359 1410 scrip·

154 1431 232 1494 sisse
267 1427 326 1509 (1).
376 1426 574 1493 Huiusmodi
611 1421 817 1513 repetitiones
848 1426 907 1505 IP,
944 1428 1004 1494 hoo
1038 1435 1086 1494 est
1117 1429 1284 1496 Editorem
1326 1438 1357 1496 et

153 1540 187 1600 et
208 1533 465 1599 Retractatorem
489 1535 667 1598 commenti
690 1535 840 1618 genuini,
865 1535 963 1598 etiam
988 1533 1065 1599 alibi
1088 1538 1285 1601 commisisse
1310 1539 1357 1601 vi-
1462 1585 1464 1590 -

153 1640 320 1717 debimus‚
346 1660 542 1724 quamquam
567 1645 641 1703 tum
665 1638 828 1704 Donatum
852 1661 915 1704 nou
939 1628 1022 1725 ipsis
1039 1641 1143 1705 verbis
1163 1644 1296 1726 repetit,
1321 1647 1359 1706 ut

155 1747 187 1812 h.
207 1745 230 1812 1.
262 1747 320 1811 ubi
349 1744 432 1810 nihil
463 1744 587 1810 addidit
610 1750 736 1830 praeter
760 1745 892 1832 „ergo'',
919 1751 978 1823 „ut
1002 1745 1178 1824 diximus’',
1207 1747 1355 1826 „mod0'’.

157 1851 267 1918 Altera
291 1854 440 1937 repetitio
464 1850 640 1916 revocanda
671 1853 732 1914 erit
764 1851 803 1916 ad
835 1850 997 1936 duplicem
1027 1851 1167 1930 fontem,
1193 1873 1255 1938 quo
1279 1874 1357 1918 usus

156 1960 199 2023 sit
222 1956 417 2043 compilator
424 1977 432 2036 ;
458 1978 521 2043 qna
545 1957 583 2021 de
606 1978 641 2021 re
665 1963 774 2042 postea
799 1956 983 2022 ridebimus
997 1957 1035 2038 2).

201 2063 250 2128 ΙΙΙ
276 2062 424 2144 1.18(3)
451 2059 653 2148 „Discipuli”
677 2061 800 2148 Mysis,
825 2062 939 2128 Lesbia
962 2068 994 2128 et
1013 2063 1222 2150 Pamphilus:
1246 2087 1356 2131 omnes

156 2191 213 2257 per
249 2190 331 2254 quos
365 2171 475 2254 agitur
509 2167 649 2245 fallacia;
684 2168 762 2233 bene
792 2189 869 2254 ergo
900 2191 928 2234 e.
942 2191 971 2253 q.
985 2191 1010 2235 s.
1104 2169 1157 2235 Sic
1181 2170 1232 2249 D.,
1265 2174 1357 2236 cuius

156 2277 256 2344 verba
286 2275 344 2352 IP,
376 2281 413 2340 ut
441 2276 615 2351 refutaret,
639 2277 674 2337 in
698 2273 746 2355 (4)
770 2277 968 2360 repetitivit:
994 2275 1061 2340 Alii
1084 2279 1158 2356 (1.1.
1183 2276 1279 2358 Don.)
1303 2300 1357 2343 no·

156 2385 356 2448 minativum
379 2380 539 2467 pluralem
562 2385 696 2466 putant,
721 2386 759 2445 ut
783 2380 999 2468 „discipulos”
1021 2381 1138 2448 dixerit
1158 2405 1279 2462 omnes,
1300 2405 1357 2470 per

158 2511 236 2576 quos
260 2491 372 2573 agitur
395 2487 533 2565 fallacia,
557 2509 584 2552 e.
599 2509 628 2572 q.
643 2509 667 2551 s.

201 2594 230 2660 V
263 2592 330 2660 6.5
374 2592 461 2659 Haec
495 2596 542 2658 ita
576 2599 748 2658 narrantur
777 2593 885 2670 Davo,
916 2600 953 2659 ut
984 2594 1095 2660 eadem
1127 2617 1225 2681 opera
1257 2599 1355 2662 etiam

158 2699 318 2768 Charinus
350 2699 469 2765 audiat.
546 2699 598 2765 Sic
621 2699 661 2764 D.
739 2699 818 2765 Mox
848 2699 900 2764 IP
935 2699 1015 2780 6(1)
1050 2702 1127 2766 haec
1162 2705 1287 2781 omnia,
1319 2708 1357 2767 ut

158 2807 301 2872 diximus
324 2805 434 2888 (schol.
458 2806 491 2886 5)
505 2806 539 2886 ¹),
563 2810 694 2900 propter
718 2803 895 2872 Charinum
919 2806 1080 2885 dicuntur,
1106 2812 1144 2872 ut
1167 2808 1285 2874 audiat.

201 3023 301 3088 Eun.
333 3023 349 3088 Ι
380 3023 410 3089 2.
425 3023 468 3088 36
499 3023 627 3089 Scholia
659 3023 706 3104 (1)
730 3029 763 3088 11
786 3024 835 3105 (2)
867 3027 1036 3090 coniuncta
1061 3027 1193 3091 fuerunt
1216 3029 1249 3091 in
1273 3048 1355 3092 com·

155 3136 284 3206 mento,
321 3130 501 3216 horumque
535 3129 648 3194 finem:
692 3129 819 3206 „Simul
857 3135 1007 3196 convenit
1043 3131 1175 3198 mulieri
1210 3131 1355 3218 loquenti

156 3235 382 3301 huiuscemodi
416 3235 538 3314 more’',
573 3238 721 3300 imitatus
756 3241 804 3301 est
840 3236 958 3321 aliquis
988 3238 1022 3301 in
1054 3236 1120 3317 (4):
1155 3237 1232 3303 Vide
1257 3259 1353 3323 quam

157 3344 234 3406 satis
257 3340 473 3407 muliebriter.
891 3354 892 3359 ’

201 3446 320 3513 Sabb.
346 3468 513 3534 perperam
537 3450 723 3533 proscripsit
747 3448 796 3528 (2)
841 3452 854 3512 t
878 3447 935 3530 (4).

200 3552 282 3617 Ibid.
308 3550 413 3632 811)
438 3557 471 3616 11
494 3551 552 3632 (6).
579 3551 625 3617 De
650 3553 701 3616 his
725 3559 844 3637 postea.

201 3658 233 3723 II
254 3658 344 3723 132
368 3658 548 3745 Tamquam
571 3659 838 3745 philosophorum
861 3660 981 3726 habent
1006 3661 1192 3748 disciplinae
1217 3685 1255 3728 ex
1274 3666 1353 3750 ipsis

156 3764 328 3843 vocabula,
354 3768 487 3850 parasiti
511 3768 557 3831 ita
581 3771 618 3830 ut
643 3763 837 3832 Gnathonici
861 3773 1026 3834 vocentur.
1096 3769 1179 3835 Don.
1205 3771 1252 3851 (1)
1279 3792 1355 3848 „vo-

155 3870 289 3936 cabula”
322 3876 359 3935 ut
389 3869 627 3958 Pythagorica,
660 3872 838 3938 Platonica.
908 3873 957 3956 (2)
990 3875 1061 3940 Hoc
1092 3878 1196 3961 igitur
1220 3898 1282 3941 non
1307 3882 1355 3941 est

191 4111 217 4175 l)
248 4110 298 4159 ‚Ut
323 4109 451 4168 diximaa”,
476 4109 506 4158 cl.
530 4125 578 4174 seq.
598 4109 677 4158 locum
694 4112 718 4157 et
736 4125 759 4173 p.
779 4109 810 4158 la
826 4109 879 4157 adn.
900 4109 929 4157 ad
947 4111 1008 4160 11111.
1025 4111 1039 4158 I
1059 4111 1356 4160 1111111111111111

155 4192 302 4241 scholiorum
322 4207 364 4255 per
382 4195 411 4240 111
427 4191 530 4240 dirimas
547 4194 629 4256 postea
647 4193 777 4255 separatim
795 4206 872 4254 agam.

189 4274 216 4338 2)
243 4272 390 4323 Rabbow
413 4274 442 4321 de
463 4275 521 4323 Don.
539 4288 598 4322 com.
617 4273 642 4322 in
662 4273 716 4322 Ter.
735 4290 757 4337 p.
777 4275 826 4322 330
844 4273 901 4322 haec
918 4274 1007 4323 scholia
1024 4274 1109 4324 citavit
1125 4291 1168 4339 pro
1186 4275 1293 4340 exemplo
1312 4276 1352 4324 du·

154 4355 222 4420 plicis
247 4355 402 4414 recensionis,
427 4356 467 4403 sed
490 4355 638 4404 rarissimum
660 4355 794 4420 exemplum
812 4355 878 4404 nulla
901 4357 1107 4418 argumentatione
1126 4357 1263 4409 declaravit.
1281 4359 1355 4420 Spero

154 4437 205 4486 iore
230 4446 258 4487 nt
282 4437 339 4486 huic
357 4436 528 4495 dissertationi,
545 4453 605 4501 quae
623 4437 727 4486 maxime
745 4437 878 4486 versabitur
894 4437 919 4485 in
937 4438 1051 4487 Eunucho
1069 4442 1093 4487 ct
1110 4439 1262 4497 Phormione,
1282 4437 1356 4486 etiam

153 4521 249 4570 accedat
267 4520 392 4584 dispositio
410 4519 556 4570 scholiorum
575 4519 755 4569 intricatiorum
775 4520 804 4569 ad
821 4519 947 4568 Andriam.
