<?xml version="1.0" encoding="UTF-8"?>
<!DOCTYPE html PUBLIC "-//W3C//DTD XHTML 1.0 Transitional//EN"
    "http://www.w3.org/TR/xhtml1/DTD/xhtml1-transitional.dtd">
<html xmlns="http://www.w3.org/1999/xhtml" xml:lang="en" lang="en">
 <head>
  <title>
</title>
<meta http-equiv="Content-Type" content="text/html;charset=utf-8" />
  <meta name='ocr-system' content='tesseract 3.04.00' />
  <meta name='ocr-capabilities' content='ocr_page ocr_carea ocr_par ocr_line ocrx_word'/>
</head>
<body>
  <div class='ocr_page' id='page_1' title='image "./decommentidonat00karsgoog_0056.png"; bbox 0 0 3418 5392; ppageno 0'>
   <div class='ocr_carea' id='block_1_1' title="bbox 650 367 1371 444">
    <p class='ocr_par' dir='ltr' id='par_1_1' title="bbox 650 367 1371 444">
     <span class='ocr_line' id='line_1_1' title="bbox 650 367 1371 444; baseline 0.006 -16"><span class='ocrx_word' id='word_1_1' title='bbox 650 380 809 429; x_wconf 80' lang='lat' dir='ltr'>uounros.</span> <span class='ocrx_word' id='word_1_2' title='bbox 1252 427 1260 444; x_wconf 84' lang='lat'>‚</span> <span class='ocrx_word' id='word_1_3' title='bbox 1328 367 1371 433; x_wconf 87' lang='grc'>43</span> 
     </span>
    </p>
   </div>
   <div class='ocr_carea' id='block_1_2' title="bbox 161 544 1443 4555">
    <p class='ocr_par' dir='ltr' id='par_1_2' title="bbox 173 544 1371 716">
     <span class='ocr_line' id='line_1_2' title="bbox 225 544 1371 638; baseline 0.008 -30"><span class='ocrx_word' id='word_1_4' title='bbox 225 544 304 610; x_wconf 92' lang='lat' dir='ltr'>Ibid.</span> <span class='ocrx_word' id='word_1_5' title='bbox 341 545 361 609; x_wconf 99' lang='grc'>5</span> <span class='ocrx_word' id='word_1_6' title='bbox 398 544 498 611; x_wconf 90' lang='lat' dir='ltr'>Video</span> <span class='ocrx_word' id='word_1_7' title='bbox 532 551 659 612; x_wconf 87' lang='lat' dir='ltr'>sentum</span> <span class='ocrx_word' id='word_1_8' title='bbox 694 546 879 632; x_wconf 86' lang='lat' dir='ltr'>squalidum</span> <span class='ocrx_word' id='word_1_9' title='bbox 909 569 1043 634; x_wconf 80' lang='lat' dir='ltr'>aegrum</span> <span class='ocrx_word' id='word_1_10' title='bbox 1075 553 1188 634; x_wconf 91' lang='lat' dir='ltr'>pannis</span> <span class='ocrx_word' id='word_1_11' title='bbox 1218 553 1371 638; x_wconf 90' lang='lat' dir='ltr'>annisque</span> 
     </span>
     <span class='ocr_line' id='line_1_3' title="bbox 173 652 312 716; baseline -0.007 0"><span class='ocrx_word' id='word_1_12' title='bbox 173 652 312 716; x_wconf 91' lang='lat' dir='ltr'>obsitum</span> 
     </span>
    </p>

    <p class='ocr_par' dir='ltr' id='par_1_3' title="bbox 171 756 1374 1693">
     <span class='ocr_line' id='line_1_4' title="bbox 218 756 1370 843; baseline 0.006 -22"><span class='ocrx_word' id='word_1_13' title='bbox 218 756 266 836; x_wconf 99' lang='grc'>(2)</span> <span class='ocrx_word' id='word_1_14' title='bbox 299 756 480 834; x_wconf 82' lang='lat' dir='ltr'>„Sestum”</span> <span class='ocrx_word' id='word_1_15' title='bbox 515 758 694 824; x_wconf 89' lang='lat' dir='ltr'>horridum.</span> <span class='ocrx_word' id='word_1_16' title='bbox 773 758 820 839; x_wconf 88' lang='lat'>(3)</span> <span class='ocrx_word' id='word_1_17' title='bbox 853 760 923 838; x_wconf 89' lang='lat' dir='ltr'>„s.&#39;&#39;</span> <span class='ocrx_word' id='word_1_18' title='bbox 957 759 996 826; x_wconf 90' lang='lat' dir='ltr'>ad</span> <span class='ocrx_word' id='word_1_19' title='bbox 1027 761 1191 826; x_wconf 87' lang='lat' dir='ltr'>horrorem</span> <span class='ocrx_word' id='word_1_20' title='bbox 1223 761 1370 843; x_wconf 87' lang='lat' dir='ltr'>rettulit,</span> 
     </span>
     <span class='ocr_line' id='line_1_5' title="bbox 175 862 1372 954; baseline 0.007 -27"><span class='ocrx_word' id='word_1_21' title='bbox 175 862 401 948; x_wconf 87' lang='lat' dir='ltr'>„squalidum”</span> <span class='ocrx_word' id='word_1_22' title='bbox 433 864 473 928; x_wconf 87' lang='lat' dir='ltr'>ad</span> <span class='ocrx_word' id='word_1_23' title='bbox 503 865 627 943; x_wconf 89' lang='lat' dir='ltr'>sordes,</span> <span class='ocrx_word' id='word_1_24' title='bbox 659 867 837 951; x_wconf 78' lang='lat' dir='ltr'>„aegrum”</span> <span class='ocrx_word' id='word_1_25' title='bbox 871 868 911 932; x_wconf 91' lang='lat' dir='ltr'>ad</span> <span class='ocrx_word' id='word_1_26' title='bbox 942 870 1096 946; x_wconf 82' lang='lat' dir='ltr'>maciem,</span> <span class='ocrx_word' id='word_1_27' title='bbox 1130 890 1182 954; x_wconf 92' lang='lat' dir='ltr'>„p.</span> <span class='ocrx_word' id='word_1_28' title='bbox 1205 889 1232 934; x_wconf 92' lang='lat' dir='ltr'>a.</span> <span class='ocrx_word' id='word_1_29' title='bbox 1254 867 1305 935; x_wconf 85' lang='lat' dir='ltr'>o.’&#39;</span> <span class='ocrx_word' id='word_1_30' title='bbox 1332 870 1372 935; x_wconf 89' lang='lat' dir='ltr'>ad</span> 
     </span>
     <span class='ocr_line' id='line_1_6' title="bbox 174 971 1374 1061; baseline 0.005 -27"><span class='ocrx_word' id='word_1_31' title='bbox 174 972 330 1034; x_wconf 86' lang='lat' dir='ltr'>vestitum</span> <span class='ocrx_word' id='word_1_32' title='bbox 364 974 397 1034; x_wconf 92' lang='lat' dir='ltr'>et</span> <span class='ocrx_word' id='word_1_33' title='bbox 428 971 604 1035; x_wconf 86' lang='lat' dir='ltr'>tristitiam.</span> <span class='ocrx_word' id='word_1_34' title='bbox 675 971 721 1054; x_wconf 84' lang='lat'>(4)</span> <span class='ocrx_word' id='word_1_35' title='bbox 753 971 814 1037; x_wconf 82' lang='lat' dir='ltr'>Sed</span> <span class='ocrx_word' id='word_1_36' title='bbox 838 975 973 1058; x_wconf 74' lang='lat' dir='ltr'>„pannis</span> <span class='ocrx_word' id='word_1_37' title='bbox 998 983 1029 1038; x_wconf 89' lang='lat' dir='ltr'>et</span> <span class='ocrx_word' id='word_1_38' title='bbox 1055 974 1167 1038; x_wconf 88' lang='lat' dir='ltr'>annis’&#39;</span> <span class='ocrx_word' id='word_1_39' title='bbox 1192 973 1374 1061; x_wconf 85' lang='lat' dir='ltr'>morologia</span> 
     </span>
     <span class='ocr_line' id='line_1_7' title="bbox 173 1077 1372 1164; baseline 0.003 -24"><span class='ocrx_word' id='word_1_40' title='bbox 173 1079 389 1161; x_wconf 85' lang='lat' dir='ltr'>parasitorum</span> <span class='ocrx_word' id='word_1_41' title='bbox 420 1083 504 1142; x_wconf 88' lang='lat' dir='ltr'>sunt.</span> <span class='ocrx_word' id='word_1_42' title='bbox 582 1077 631 1158; x_wconf 86' lang='lat'>(5)</span> <span class='ocrx_word' id='word_1_43' title='bbox 663 1077 783 1164; x_wconf 89' lang='lat' dir='ltr'>„p.a.’&#39;</span> <span class='ocrx_word' id='word_1_44' title='bbox 809 1079 861 1144; x_wconf 88' lang='lat' dir='ltr'>vel</span> <span class='ocrx_word' id='word_1_45' title='bbox 886 1082 1055 1164; x_wconf 90' lang='lat' dir='ltr'>parasitica</span> <span class='ocrx_word' id='word_1_46' title='bbox 1079 1079 1263 1145; x_wconf 77' lang='lat' dir='ltr'>vernilitate</span> <span class='ocrx_word' id='word_1_47' title='bbox 1287 1083 1372 1145; x_wconf 72' lang='grc' dir='ltr'>κατὰ</span> 
     </span>
     <span class='ocr_line' id='line_1_8' title="bbox 172 1181 1372 1269; baseline 0.005 -24"><span class='ocrx_word' id='word_1_48' title='bbox 172 1181 206 1245; x_wconf 78' lang='grc' dir='ltr'>τὸ</span> <span class='ocrx_word' id='word_1_49' title='bbox 238 1181 468 1258; x_wconf 66' lang='lat' dir='ltr'>tentoriarum</span> <span class='ocrx_word' id='word_1_50' title='bbox 500 1183 621 1249; x_wconf 86' lang='lat' dir='ltr'>dictum</span> <span class='ocrx_word' id='word_1_51' title='bbox 653 1183 707 1250; x_wconf 81' lang='lat' dir='ltr'>vel</span> <span class='ocrx_word' id='word_1_52' title='bbox 738 1186 813 1269; x_wconf 84' lang='lat' dir='ltr'>quie</span> <span class='ocrx_word' id='word_1_53' title='bbox 845 1185 1008 1251; x_wconf 85' lang='lat' dir='ltr'>Homerus</span> <span class='ocrx_word' id='word_1_54' title='bbox 1040 1185 1121 1251; x_wconf 84' lang='lat' dir='ltr'>dixit</span> <span class='ocrx_word' id='word_1_55' title='bbox 1145 1183 1228 1264; x_wconf 70' lang='lat' dir='ltr'>alda</span> <span class='ocrx_word' id='word_1_56' title='bbox 1253 1187 1317 1266; x_wconf 67' lang='grc' dir='ltr'>γὰρ</span> <span class='ocrx_word' id='word_1_57' title='bbox 1342 1189 1372 1252; x_wconf 81' lang='grc' dir='ltr'>ἐν</span> 
     </span>
     <span class='ocr_line' id='line_1_9' title="bbox 174 1288 1372 1373; baseline 0.004 -21"><span class='ocrx_word' id='word_1_58' title='bbox 174 1288 320 1362; x_wconf 67' lang='lat' dir='ltr'>caedrum</span> <span class='ocrx_word' id='word_1_59' title='bbox 357 1288 460 1365; x_wconf 70' lang='grc' dir='ltr'><strong><em>βροτοὶ</em></strong></span> <span class='ocrx_word' id='word_1_60' title='bbox 496 1289 769 1367; x_wconf 68' lang='grc' dir='ltr'><strong><em>καταγηράσκουσι</em></strong></span> <span class='ocrx_word' id='word_1_61' title='bbox 806 1288 877 1369; x_wconf 90' lang='lat' dir='ltr'>(Od.</span> <span class='ocrx_word' id='word_1_62' title='bbox 914 1289 966 1355; x_wconf 86' lang='grc'>19.</span> <span class='ocrx_word' id='word_1_63' title='bbox 981 1290 1070 1372; x_wconf 89' lang='grc'>360).</span> <span class='ocrx_word' id='word_1_64' title='bbox 1163 1291 1211 1373; x_wconf 86' lang='grc'>(6)</span> <span class='ocrx_word' id='word_1_65' title='bbox 1246 1291 1289 1357; x_wconf 78' lang='lat' dir='ltr'>Et</span> <span class='ocrx_word' id='word_1_66' title='bbox 1322 1298 1372 1358; x_wconf 81' lang='lat' dir='ltr'>est</span> 
     </span>
     <span class='ocr_line' id='line_1_10' title="bbox 173 1395 1371 1484; baseline 0.004 -25"><span class='ocrx_word' id='word_1_67' title='bbox 173 1397 321 1460; x_wconf 80' lang='lat' dir='ltr'>miseriae</span> <span class='ocrx_word' id='word_1_68' title='bbox 346 1397 473 1460; x_wconf 91' lang='lat' dir='ltr'>senium</span> <span class='ocrx_word' id='word_1_69' title='bbox 497 1395 660 1474; x_wconf 88' lang='lat' dir='ltr'>debitum,</span> <span class='ocrx_word' id='word_1_70' title='bbox 685 1395 770 1461; x_wconf 90' lang='lat' dir='ltr'>unde</span> <span class='ocrx_word' id='word_1_71' title='bbox 790 1397 865 1462; x_wconf 90' lang='lat' dir='ltr'>huic</span> <span class='ocrx_word' id='word_1_72' title='bbox 886 1399 991 1483; x_wconf 85' lang='lat' dir='ltr'>magis</span> <span class='ocrx_word' id='word_1_73' title='bbox 1011 1399 1145 1463; x_wconf 79' lang='lat' dir='ltr'>tristitia</span> <span class='ocrx_word' id='word_1_74' title='bbox 1164 1400 1371 1484; x_wconf 80' lang='lat' dir='ltr'>gravitasque</span> 
     </span>
     <span class='ocr_line' id='line_1_11' title="bbox 171 1500 1369 1589; baseline 0.005 -24"><span class='ocrx_word' id='word_1_75' title='bbox 171 1501 352 1587; x_wconf 81' lang='lat' dir='ltr'>displicuit,</span> <span class='ocrx_word' id='word_1_76' title='bbox 377 1500 481 1566; x_wconf 89' lang='lat' dir='ltr'>aliena</span> <span class='ocrx_word' id='word_1_77' title='bbox 504 1523 627 1588; x_wconf 87' lang='lat' dir='ltr'>semper</span> <span class='ocrx_word' id='word_1_78' title='bbox 650 1502 690 1567; x_wconf 89' lang='lat' dir='ltr'>ab</span> <span class='ocrx_word' id='word_1_79' title='bbox 714 1503 899 1568; x_wconf 90' lang='lat' dir='ltr'>homiuibus</span> <span class='ocrx_word' id='word_1_80' title='bbox 918 1505 1075 1589; x_wconf 86' lang='lat' dir='ltr'>parasitis.</span> <span class='ocrx_word' id='word_1_81' title='bbox 1145 1503 1193 1585; x_wconf 83' lang='lat'>(7)</span> <span class='ocrx_word' id='word_1_82' title='bbox 1213 1505 1297 1570; x_wconf 89' lang='lat' dir='ltr'>Beue</span> <span class='ocrx_word' id='word_1_83' title='bbox 1317 1505 1369 1571; x_wconf 91' lang='lat' dir='ltr'>ad·</span> 
     </span>
     <span class='ocr_line' id='line_1_12' title="bbox 171 1607 1288 1693; baseline 0.003 -22"><span class='ocrx_word' id='word_1_84' title='bbox 171 1607 268 1684; x_wconf 88' lang='lat' dir='ltr'>didit,</span> <span class='ocrx_word' id='word_1_85' title='bbox 293 1607 420 1684; x_wconf 87' lang='lat' dir='ltr'>aunis’&#39;,</span> <span class='ocrx_word' id='word_1_86' title='bbox 445 1610 520 1692; x_wconf 89' lang='lat' dir='ltr'>quia</span> <span class='ocrx_word' id='word_1_87' title='bbox 545 1613 580 1672; x_wconf 87' lang='lat' dir='ltr'>ut</span> <span class='ocrx_word' id='word_1_88' title='bbox 604 1611 738 1693; x_wconf 90' lang='lat' dir='ltr'>quisque</span> <span class='ocrx_word' id='word_1_89' title='bbox 762 1611 859 1674; x_wconf 89' lang='lat' dir='ltr'>miser</span> <span class='ocrx_word' id='word_1_90' title='bbox 882 1615 930 1674; x_wconf 88' lang='lat' dir='ltr'>cst</span> <span class='ocrx_word' id='word_1_91' title='bbox 953 1612 999 1675; x_wconf 89' lang='lat' dir='ltr'>ita</span> <span class='ocrx_word' id='word_1_92' title='bbox 1022 1613 1128 1676; x_wconf 89' lang='lat' dir='ltr'>senior</span> <span class='ocrx_word' id='word_1_93' title='bbox 1151 1611 1288 1676; x_wconf 89' lang='lat' dir='ltr'>videtur.</span> 
     </span>
    </p>

    <p class='ocr_par' dir='ltr' id='par_1_4' title="bbox 171 1711 1186 1801">
     <span class='ocr_line' id='line_1_13' title="bbox 171 1711 1186 1801; baseline 0.002 -23"><span class='ocrx_word' id='word_1_94' title='bbox 171 1713 218 1794; x_wconf 88' lang='grc'>(8)</span> <span class='ocrx_word' id='word_1_95' title='bbox 241 1711 287 1776; x_wconf 88' lang='lat' dir='ltr'>Ut</span> <span class='ocrx_word' id='word_1_96' title='bbox 312 1713 485 1790; x_wconf 89' lang='lat' dir='ltr'>„sentum”</span> <span class='ocrx_word' id='word_1_97' title='bbox 512 1713 694 1790; x_wconf 84' lang='lat' dir='ltr'>„obsitum”</span> <span class='ocrx_word' id='word_1_98' title='bbox 721 1712 820 1779; x_wconf 85' lang='lat' dir='ltr'>dixit:</span> <span class='ocrx_word' id='word_1_99' title='bbox 845 1716 1011 1795; x_wconf 76' lang='grc' dir='ltr'>μεταφορά</span> <span class='ocrx_word' id='word_1_100' title='bbox 1036 1716 1075 1780; x_wconf 89' lang='lat' dir='ltr'>ab</span> <span class='ocrx_word' id='word_1_101' title='bbox 1098 1737 1186 1801; x_wconf 82' lang='lat' dir='ltr'>agro.</span> 
     </span>
    </p>

    <p class='ocr_par' dir='ltr' id='par_1_5' title="bbox 170 1818 1443 2434">
     <span class='ocr_line' id='line_1_14' title="bbox 214 1818 1367 1908; baseline 0 -23"><span class='ocrx_word' id='word_1_102' title='bbox 214 1818 300 1886; x_wconf 81' lang='lat' dir='ltr'>(lum</span> <span class='ocrx_word' id='word_1_103' title='bbox 324 1818 443 1885; x_wconf 81' lang='lat' dir='ltr'>Sabb.</span> <span class='ocrx_word' id='word_1_104' title='bbox 468 1822 500 1884; x_wconf 90' lang='lat' dir='ltr'>in</span> <span class='ocrx_word' id='word_1_105' title='bbox 522 1819 570 1899; x_wconf 89' lang='grc'>(3)</span> <span class='ocrx_word' id='word_1_106' title='bbox 590 1819 854 1905; x_wconf 89' lang='lat' dir='ltr'>Interpolatorem</span> <span class='ocrx_word' id='word_1_107' title='bbox 868 1843 1003 1908; x_wconf 81' lang='lat' dir='ltr'>agnosco</span> <span class='ocrx_word' id='word_1_108' title='bbox 1020 1822 1151 1901; x_wconf 80' lang='lat' dir='ltr'>(rettulit</span> <span class='ocrx_word' id='word_1_109' title='bbox 1170 1823 1211 1886; x_wconf 84' lang='lat' dir='ltr'>od</span> <span class='ocrx_word' id='word_1_110' title='bbox 1229 1830 1367 1907; x_wconf 86' lang='lat' dir='ltr'>quator),</span> 
     </span>
     <span class='ocr_line' id='line_1_15' title="bbox 170 1923 1368 2013; baseline 0.002 -24"><span class='ocrx_word' id='word_1_111' title='bbox 170 1929 221 1990; x_wconf 88' lang='lat' dir='ltr'>cui</span> <span class='ocrx_word' id='word_1_112' title='bbox 256 1923 341 1990; x_wconf 88' lang='lat' dir='ltr'>alius</span> <span class='ocrx_word' id='word_1_113' title='bbox 373 1928 527 2011; x_wconf 80' lang='lat' dir='ltr'>magister</span> <span class='ocrx_word' id='word_1_114' title='bbox 557 1928 708 2010; x_wconf 90' lang='lat' dir='ltr'>opposuit</span> <span class='ocrx_word' id='word_1_115' title='bbox 740 1926 788 2007; x_wconf 82' lang='lat'>(4)</span> <span class='ocrx_word' id='word_1_116' title='bbox 819 1949 876 2013; x_wconf 89' lang='lat' dir='ltr'>per</span> <span class='ocrx_word' id='word_1_117' title='bbox 904 1930 966 2006; x_wconf 79' lang='lat' dir='ltr'>aad,</span> <span class='ocrx_word' id='word_1_118' title='bbox 999 1929 1152 1993; x_wconf 89' lang='lat' dir='ltr'>haustum</span> <span class='ocrx_word' id='word_1_119' title='bbox 1183 1930 1368 2012; x_wconf 90' lang='lat' dir='ltr'>esequenti</span> 
     </span>
     <span class='ocr_line' id='line_1_16' title="bbox 171 2029 1367 2112; baseline 0.002 -16"><span class='ocrx_word' id='word_1_120' title='bbox 171 2031 292 2096; x_wconf 89' lang='lat' dir='ltr'>scholio</span> <span class='ocrx_word' id='word_1_121' title='bbox 313 2030 432 2096; x_wconf 91' lang='lat' dir='ltr'>Donati</span> <span class='ocrx_word' id='word_1_122' title='bbox 454 2030 510 2111; x_wconf 88' lang='grc'>(5).</span> <span class='ocrx_word' id='word_1_123' title='bbox 535 2029 630 2095; x_wconf 83' lang='lat' dir='ltr'>Errat</span> <span class='ocrx_word' id='word_1_124' title='bbox 650 2037 761 2096; x_wconf 88' lang='lat' dir='ltr'>autem</span> <span class='ocrx_word' id='word_1_125' title='bbox 781 2031 899 2097; x_wconf 82' lang='lat' dir='ltr'>Sabb.</span> <span class='ocrx_word' id='word_1_126' title='bbox 923 2053 997 2098; x_wconf 91' lang='lat' dir='ltr'>oum</span> <span class='ocrx_word' id='word_1_127' title='bbox 1017 2032 1066 2112; x_wconf 88' lang='grc'>(6)</span> <span class='ocrx_word' id='word_1_128' title='bbox 1087 2035 1184 2097; x_wconf 89' lang='lat' dir='ltr'>etiam</span> <span class='ocrx_word' id='word_1_129' title='bbox 1205 2054 1223 2097; x_wconf 90' lang='lat' dir='ltr'>e</span> <span class='ocrx_word' id='word_1_130' title='bbox 1243 2031 1367 2099; x_wconf 89' lang='lat' dir='ltr'>Donato</span> 
     </span>
     <span class='ocr_line' id='line_1_17' title="bbox 170 2135 1443 2225; baseline 0.001 -24"><span class='ocrx_word' id='word_1_131' title='bbox 170 2136 347 2214; x_wconf 88' lang='lat' dir='ltr'>abiudicat,</span> <span class='ocrx_word' id='word_1_132' title='bbox 367 2138 424 2221; x_wconf 89' lang='lat' dir='ltr'>qui</span> <span class='ocrx_word' id='word_1_133' title='bbox 444 2135 581 2221; x_wconf 84' lang='lat' dir='ltr'>explicat·</span> <span class='ocrx_word' id='word_1_134' title='bbox 601 2136 786 2221; x_wconf 86' lang='lat' dir='ltr'>exemplum</span> <span class='ocrx_word' id='word_1_135' title='bbox 808 2137 966 2223; x_wconf 85' lang='lat' dir='ltr'>Odysseae</span> <span class='ocrx_word' id='word_1_136' title='bbox 986 2145 1038 2219; x_wconf 84' lang='lat' dir='ltr'>(ex</span> <span class='ocrx_word' id='word_1_137' title='bbox 1058 2141 1160 2225; x_wconf 90' lang='lat' dir='ltr'>Aspro</span> <span class='ocrx_word' id='word_1_138' title='bbox 1181 2136 1365 2219; x_wconf 82' lang='lat' dir='ltr'>relatuml).</span> <span class='ocrx_word' id='word_1_139' title='bbox 1442 2145 1443 2149; x_wconf 77' lang='grc'>’</span> 
     </span>
     <span class='ocr_line' id='line_1_18' title="bbox 171 2241 1364 2330; baseline 0.001 -20"><span class='ocrx_word' id='word_1_140' title='bbox 171 2242 288 2310; x_wconf 87' lang='lat' dir='ltr'>Oontra</span> <span class='ocrx_word' id='word_1_141' title='bbox 320 2245 436 2307; x_wconf 88' lang='lat' dir='ltr'>merito</span> <span class='ocrx_word' id='word_1_142' title='bbox 467 2245 653 2328; x_wconf 86' lang='lat' dir='ltr'>proscripsit</span> <span class='ocrx_word' id='word_1_143' title='bbox 674 2241 733 2323; x_wconf 87' lang='lat'>(7),</span> <span class='ocrx_word' id='word_1_144' title='bbox 765 2245 822 2308; x_wconf 90' lang='lat' dir='ltr'>ubi</span> <span class='ocrx_word' id='word_1_145' title='bbox 854 2243 903 2308; x_wconf 92' lang='grc' dir='ltr'>ΙΡ</span> <span class='ocrx_word' id='word_1_146' title='bbox 936 2243 998 2310; x_wconf 87' lang='lat' dir='ltr'>alia</span> <span class='ocrx_word' id='word_1_147' title='bbox 1028 2247 1151 2310; x_wconf 89' lang='lat' dir='ltr'>ratione</span> <span class='ocrx_word' id='word_1_148' title='bbox 1182 2247 1364 2330; x_wconf 70' lang='lat' dir='ltr'>praeterat</span> 
     </span>
     <span class='ocr_line' id='line_1_19' title="bbox 170 2349 1220 2434; baseline 0.006 -20"><span class='ocrx_word' id='word_1_149' title='bbox 170 2350 397 2426; x_wconf 71' lang='lat' dir='ltr'>baccoriacorov</span> <span class='ocrx_word' id='word_1_150' title='bbox 422 2349 578 2434; x_wconf 86' lang='lat' dir='ltr'>explicare</span> <span class='ocrx_word' id='word_1_151' title='bbox 602 2355 735 2414; x_wconf 89' lang='lat' dir='ltr'>conatur</span> <span class='ocrx_word' id='word_1_152' title='bbox 758 2371 815 2414; x_wconf 89' lang='lat' dir='ltr'>our</span> <span class='ocrx_word' id='word_1_153' title='bbox 840 2350 974 2428; x_wconf 82' lang='lat' dir='ltr'>„annis”</span> <span class='ocrx_word' id='word_1_154' title='bbox 998 2354 1041 2416; x_wconf 90' lang='lat' dir='ltr'>eit</span> <span class='ocrx_word' id='word_1_155' title='bbox 1063 2351 1220 2420; x_wconf 86' lang='lat' dir='ltr'>additum.</span> 
     </span>
    </p>

    <p class='ocr_par' dir='ltr' id='par_1_6' title="bbox 169 2455 1363 2751">
     <span class='ocr_line' id='line_1_20' title="bbox 214 2455 1363 2541; baseline 0.001 -21"><span class='ocrx_word' id='word_1_156' title='bbox 214 2455 358 2521; x_wconf 88' lang='lat' dir='ltr'>Donatea</span> <span class='ocrx_word' id='word_1_157' title='bbox 382 2457 486 2541; x_wconf 81' lang='lat' dir='ltr'>igitur</span> <span class='ocrx_word' id='word_1_158' title='bbox 508 2461 583 2519; x_wconf 89' lang='lat' dir='ltr'>suut</span> <span class='ocrx_word' id='word_1_159' title='bbox 607 2455 717 2537; x_wconf 89' lang='grc'>(1)(2)</span> <span class='ocrx_word' id='word_1_160' title='bbox 730 2455 777 2535; x_wconf 89' lang='grc'>(5)</span> <span class='ocrx_word' id='word_1_161' title='bbox 790 2455 838 2535; x_wconf 92' lang='grc'>(6)</span> <span class='ocrx_word' id='word_1_162' title='bbox 852 2455 909 2536; x_wconf 86' lang='grc'>(8).</span> <span class='ocrx_word' id='word_1_163' title='bbox 935 2455 996 2522; x_wconf 90' lang='grc' dir='ltr'>Η1ε</span> <span class='ocrx_word' id='word_1_164' title='bbox 1019 2455 1132 2521; x_wconf 82' lang='lat' dir='ltr'>Editor</span> <span class='ocrx_word' id='word_1_165' title='bbox 1155 2459 1291 2522; x_wconf 90' lang='lat' dir='ltr'>inseruit</span> <span class='ocrx_word' id='word_1_166' title='bbox 1315 2457 1363 2537; x_wconf 83' lang='grc'>(3)</span> 
     </span>
     <span class='ocr_line' id='line_1_21' title="bbox 169 2558 1362 2646; baseline 0.001 -20"><span class='ocrx_word' id='word_1_167' title='bbox 169 2565 260 2626; x_wconf 82' lang='lat' dir='ltr'>iuxta</span> <span class='ocrx_word' id='word_1_168' title='bbox 285 2561 333 2642; x_wconf 93' lang='grc'>(2)</span> <span class='ocrx_word' id='word_1_169' title='bbox 358 2566 390 2625; x_wconf 83' lang='grc' dir='ltr'>θ1</span> <span class='ocrx_word' id='word_1_170' title='bbox 412 2558 459 2639; x_wconf 87' lang='grc'>(7)</span> <span class='ocrx_word' id='word_1_171' title='bbox 483 2567 555 2646; x_wconf 91' lang='lat' dir='ltr'>post</span> <span class='ocrx_word' id='word_1_172' title='bbox 578 2559 636 2641; x_wconf 88' lang='lat'>(6),</span> <span class='ocrx_word' id='word_1_173' title='bbox 657 2561 717 2625; x_wconf 91' lang='lat' dir='ltr'>hoc</span> <span class='ocrx_word' id='word_1_174' title='bbox 737 2567 786 2625; x_wconf 89' lang='lat' dir='ltr'>est</span> <span class='ocrx_word' id='word_1_175' title='bbox 805 2565 872 2627; x_wconf 92' lang='lat' dir='ltr'>suis</span> <span class='ocrx_word' id='word_1_176' title='bbox 891 2561 969 2627; x_wconf 89' lang='lat' dir='ltr'>locis</span> <span class='ocrx_word' id='word_1_177' title='bbox 989 2565 1021 2627; x_wconf 89' lang='lat' dir='ltr'>in</span> <span class='ocrx_word' id='word_1_178' title='bbox 1043 2562 1240 2627; x_wconf 91' lang='lat' dir='ltr'>scholiorum</span> <span class='ocrx_word' id='word_1_179' title='bbox 1253 2562 1362 2628; x_wconf 90' lang='lat' dir='ltr'>ordine</span> 
     </span>
     <span class='ocr_line' id='line_1_22' title="bbox 170 2664 1134 2751; baseline 0.003 -20"><span class='ocrx_word' id='word_1_180' title='bbox 170 2666 322 2732; x_wconf 89' lang='lat' dir='ltr'>Donateo.</span> <span class='ocrx_word' id='word_1_181' title='bbox 347 2664 548 2751; x_wconf 83' lang='lat' dir='ltr'>Gompilator</span> <span class='ocrx_word' id='word_1_182' title='bbox 571 2665 698 2732; x_wconf 84' lang='lat' dir='ltr'>aliunde</span> <span class='ocrx_word' id='word_1_183' title='bbox 722 2668 849 2732; x_wconf 82' lang='lat' dir='ltr'>intersit</span> <span class='ocrx_word' id='word_1_184' title='bbox 872 2668 921 2748; x_wconf 82' lang='lat'>(4)</span> <span class='ocrx_word' id='word_1_185' title='bbox 944 2670 1030 2734; x_wconf 86' lang='lat' dir='ltr'>iusto</span> <span class='ocrx_word' id='word_1_186' title='bbox 1054 2668 1134 2734; x_wconf 89' lang='lat' dir='ltr'>loco.</span> 
     </span>
    </p>

    <p class='ocr_par' dir='ltr' id='par_1_7' title="bbox 213 2770 941 2858">
     <span class='ocr_line' id='line_1_23' title="bbox 213 2770 941 2858; baseline 0.001 -21"><span class='ocrx_word' id='word_1_187' title='bbox 213 2772 295 2837; x_wconf 88' lang='lat' dir='ltr'>Ibid.</span> <span class='ocrx_word' id='word_1_188' title='bbox 321 2770 341 2836; x_wconf 87' lang='lat'>6</span> <span class='ocrx_word' id='word_1_189' title='bbox 374 2771 457 2852; x_wconf 83' lang='lat' dir='ltr'>Quid</span> <span class='ocrx_word' id='word_1_190' title='bbox 480 2775 564 2838; x_wconf 87' lang='lat' dir='ltr'>istuc</span> <span class='ocrx_word' id='word_1_191' title='bbox 588 2775 720 2858; x_wconf 87' lang='lat' dir='ltr'>inquam</span> <span class='ocrx_word' id='word_1_192' title='bbox 745 2777 849 2839; x_wconf 89' lang='lat' dir='ltr'>ornati</span> <span class='ocrx_word' id='word_1_193' title='bbox 871 2771 941 2839; x_wconf 83' lang='lat' dir='ltr'>est?</span> 
     </span>
    </p>

    <p class='ocr_par' dir='ltr' id='par_1_8' title="bbox 168 2877 1362 3071">
     <span class='ocr_line' id='line_1_24' title="bbox 214 2877 1362 2966; baseline 0.002 -24"><span class='ocrx_word' id='word_1_194' title='bbox 214 2878 297 2943; x_wconf 91' lang='lat' dir='ltr'>Don.</span> <span class='ocrx_word' id='word_1_195' title='bbox 320 2877 368 2958; x_wconf 83' lang='lat'>(2)</span> <span class='ocrx_word' id='word_1_196' title='bbox 392 2877 530 2942; x_wconf 89' lang='lat' dir='ltr'>Ornatus</span> <span class='ocrx_word' id='word_1_197' title='bbox 551 2884 609 2941; x_wconf 80' lang='grc' dir='ltr'>τῶν</span> <span class='ocrx_word' id='word_1_198' title='bbox 630 2877 731 2952; x_wconf 78' lang='grc' dir='ltr'><em>μέσων</em></span> <span class='ocrx_word' id='word_1_199' title='bbox 751 2885 816 2944; x_wconf 82' lang='grc' dir='ltr'>θε1;</span> <span class='ocrx_word' id='word_1_200' title='bbox 838 2879 877 2946; x_wconf 90' lang='lat' dir='ltr'>ad</span> <span class='ocrx_word' id='word_1_201' title='bbox 898 2879 992 2945; x_wconf 88' lang='lat' dir='ltr'>decos</span> <span class='ocrx_word' id='word_1_202' title='bbox 1011 2886 1043 2944; x_wconf 88' lang='lat' dir='ltr'>et</span> <span class='ocrx_word' id='word_1_203' title='bbox 1062 2880 1102 2945; x_wconf 88' lang='lat' dir='ltr'>ad</span> <span class='ocrx_word' id='word_1_204' title='bbox 1117 2880 1362 2966; x_wconf 87' lang='lat' dir='ltr'>turpitudinem.</span> 
     </span>
     <span class='ocr_line' id='line_1_25' title="bbox 168 2982 1340 3071; baseline 0.002 -23"><span class='ocrx_word' id='word_1_205' title='bbox 168 2983 218 3048; x_wconf 93' lang='lat' dir='ltr'>lP</span> <span class='ocrx_word' id='word_1_206' title='bbox 243 2983 367 3048; x_wconf 88' lang='lat' dir='ltr'>addidit</span> <span class='ocrx_word' id='word_1_207' title='bbox 391 2982 439 3061; x_wconf 86' lang='lat'>(3)</span> <span class='ocrx_word' id='word_1_208' title='bbox 463 2982 522 3048; x_wconf 86' lang='lat' dir='ltr'>Vel</span> <span class='ocrx_word' id='word_1_209' title='bbox 545 2983 735 3069; x_wconf 87' lang='lat' dir='ltr'>simpliciter</span> <span class='ocrx_word' id='word_1_210' title='bbox 758 2986 817 3050; x_wconf 90' lang='lat' dir='ltr'>hoc</span> <span class='ocrx_word' id='word_1_211' title='bbox 837 2987 944 3071; x_wconf 88' lang='lat' dir='ltr'>accipe</span> <span class='ocrx_word' id='word_1_212' title='bbox 966 2984 1017 3050; x_wconf 91' lang='lat' dir='ltr'>vel</span> <span class='ocrx_word' id='word_1_213' title='bbox 1037 2986 1199 3063; x_wconf 73' lang='grc' dir='ltr'>εἰρωνικῶς.</span> <span class='ocrx_word' id='word_1_214' title='bbox 1268 2985 1300 3051; x_wconf 80' lang='lat' dir='ltr'>S.</span> <span class='ocrx_word' id='word_1_215' title='bbox 1314 3007 1340 3050; x_wconf 85' lang='lat' dir='ltr'>e.</span> 
     </span>
    </p>

    <p class='ocr_par' dir='ltr' id='par_1_9' title="bbox 213 3087 1363 3176">
     <span class='ocr_line' id='line_1_26' title="bbox 213 3087 1363 3176; baseline 0.001 -22"><span class='ocrx_word' id='word_1_216' title='bbox 213 3089 294 3154; x_wconf 91' lang='lat' dir='ltr'>Ibid.</span> <span class='ocrx_word' id='word_1_217' title='bbox 321 3087 340 3152; x_wconf 88' lang='grc'><strong>9</strong></span> <span class='ocrx_word' id='word_1_218' title='bbox 374 3088 445 3152; x_wconf 88' lang='lat' dir='ltr'>Itan</span> <span class='ocrx_word' id='word_1_219' title='bbox 470 3092 589 3174; x_wconf 89' lang='lat' dir='ltr'>parasti</span> <span class='ocrx_word' id='word_1_220' title='bbox 612 3097 660 3166; x_wconf 91' lang='lat' dir='ltr'>te,</span> <span class='ocrx_word' id='word_1_221' title='bbox 686 3095 724 3154; x_wconf 85' lang='lat' dir='ltr'>ut</span> <span class='ocrx_word' id='word_1_222' title='bbox 747 3111 819 3175; x_wconf 91' lang='lat' dir='ltr'>spes</span> <span class='ocrx_word' id='word_1_223' title='bbox 842 3090 931 3156; x_wconf 89' lang='lat' dir='ltr'>nulla</span> <span class='ocrx_word' id='word_1_224' title='bbox 956 3090 1079 3176; x_wconf 89' lang='lat' dir='ltr'>reliqua</span> <span class='ocrx_word' id='word_1_225' title='bbox 1101 3094 1136 3156; x_wconf 91' lang='lat' dir='ltr'>in</span> <span class='ocrx_word' id='word_1_226' title='bbox 1162 3097 1193 3156; x_wconf 90' lang='lat' dir='ltr'>te</span> <span class='ocrx_word' id='word_1_227' title='bbox 1216 3093 1260 3156; x_wconf 90' lang='lat' dir='ltr'>sit</span> <span class='ocrx_word' id='word_1_228' title='bbox 1282 3089 1363 3156; x_wconf 85' lang='lat' dir='ltr'>tibil</span> 
     </span>
    </p>

    <p class='ocr_par' dir='ltr' id='par_1_10' title="bbox 168 3192 1364 3599">
     <span class='ocr_line' id='line_1_27' title="bbox 214 3192 1364 3283; baseline 0.002 -23"><span class='ocrx_word' id='word_1_229' title='bbox 214 3195 296 3260; x_wconf 83' lang='lat' dir='ltr'>Dou.</span> <span class='ocrx_word' id='word_1_230' title='bbox 321 3194 370 3278; x_wconf 91' lang='lat' dir='ltr'>(l)</span> <span class='ocrx_word' id='word_1_231' title='bbox 395 3193 498 3274; x_wconf 83' lang='lat' dir='ltr'>Quam</span> <span class='ocrx_word' id='word_1_232' title='bbox 522 3192 745 3280; x_wconf 78' lang='lat' dir='ltr'>obiurganterl</span> <span class='ocrx_word' id='word_1_233' title='bbox 772 3206 936 3282; x_wconf 86' lang='lat' dir='ltr'>tamquam</span> <span class='ocrx_word' id='word_1_234' title='bbox 961 3199 996 3260; x_wconf 91' lang='lat' dir='ltr'>in</span> <span class='ocrx_word' id='word_1_235' title='bbox 1018 3195 1075 3261; x_wconf 92' lang='lat' dir='ltr'>illo</span> <span class='ocrx_word' id='word_1_236' title='bbox 1098 3200 1140 3262; x_wconf 89' lang='lat' dir='ltr'>sit</span> <span class='ocrx_word' id='word_1_237' title='bbox 1163 3197 1246 3283; x_wconf 88' lang='lat' dir='ltr'>quod</span> <span class='ocrx_word' id='word_1_238' title='bbox 1266 3199 1364 3262; x_wconf 90' lang='lat' dir='ltr'>miser</span> 
     </span>
     <span class='ocr_line' id='line_1_28' title="bbox 169 3300 1361 3388; baseline 0 -22"><span class='ocrx_word' id='word_1_239' title='bbox 169 3307 217 3366; x_wconf 89' lang='lat' dir='ltr'>cst</span> <span class='ocrx_word' id='word_1_240' title='bbox 246 3309 279 3367; x_wconf 90' lang='lat' dir='ltr'>et</span> <span class='ocrx_word' id='word_1_241' title='bbox 311 3300 388 3366; x_wconf 89' lang='lat' dir='ltr'>alibi</span> <span class='ocrx_word' id='word_1_242' title='bbox 416 3306 477 3379; x_wconf 83' lang='lat' dir='ltr'>(ex.</span> <span class='ocrx_word' id='word_1_243' title='bbox 502 3301 606 3381; x_wconf 82' lang='lat' dir='ltr'>Hoc).</span> <span class='ocrx_word' id='word_1_244' title='bbox 682 3300 731 3366; x_wconf 92' lang='grc' dir='ltr'>ΙΡ</span> <span class='ocrx_word' id='word_1_245' title='bbox 757 3301 795 3366; x_wconf 88' lang='lat' dir='ltr'>de</span> <span class='ocrx_word' id='word_1_246' title='bbox 818 3324 873 3368; x_wconf 86' lang='lat' dir='ltr'>vv.</span> <span class='ocrx_word' id='word_1_247' title='bbox 900 3305 1041 3388; x_wconf 83' lang='lat' dir='ltr'>„parasti</span> <span class='ocrx_word' id='word_1_248' title='bbox 1063 3303 1117 3368; x_wconf 90' lang='lat' dir='ltr'>te”</span> <span class='ocrx_word' id='word_1_249' title='bbox 1141 3304 1221 3368; x_wconf 89' lang='lat' dir='ltr'>hano</span> <span class='ocrx_word' id='word_1_250' title='bbox 1244 3305 1361 3367; x_wconf 89' lang='lat' dir='ltr'>miram</span> 
     </span>
     <span class='ocr_line' id='line_1_29' title="bbox 168 3405 1363 3493; baseline 0.002 -23"><span class='ocrx_word' id='word_1_251' title='bbox 168 3407 344 3473; x_wconf 84' lang='lat' dir='ltr'>doctrinam</span> <span class='ocrx_word' id='word_1_252' title='bbox 376 3405 559 3492; x_wconf 89' lang='lat' dir='ltr'>profitetur:</span> <span class='ocrx_word' id='word_1_253' title='bbox 593 3406 641 3487; x_wconf 94' lang='grc'>(2)</span> <span class='ocrx_word' id='word_1_254' title='bbox 668 3407 708 3471; x_wconf 77' lang='lat' dir='ltr'>itt</span> <span class='ocrx_word' id='word_1_255' title='bbox 731 3408 791 3472; x_wconf 90' lang='lat' dir='ltr'>hoo</span> <span class='ocrx_word' id='word_1_256' title='bbox 814 3410 941 3493; x_wconf 89' lang='lat' dir='ltr'>proprie</span> <span class='ocrx_word' id='word_1_257' title='bbox 964 3408 1099 3472; x_wconf 85' lang='lat' dir='ltr'>verbum</span> <span class='ocrx_word' id='word_1_258' title='bbox 1124 3409 1163 3472; x_wconf 87' lang='lat' dir='ltr'>ad</span> <span class='ocrx_word' id='word_1_259' title='bbox 1187 3410 1363 3493; x_wconf 84' lang='lat' dir='ltr'>exprimen-</span> 
     </span>
     <span class='ocr_line' id='line_1_30' title="bbox 168 3511 1313 3599; baseline 0.002 -23"><span class='ocrx_word' id='word_1_260' title='bbox 168 3511 239 3578; x_wconf 89' lang='lat' dir='ltr'>dam</span> <span class='ocrx_word' id='word_1_261' title='bbox 263 3515 506 3577; x_wconf 89' lang='lat' dir='ltr'>immunitatem</span> <span class='ocrx_word' id='word_1_262' title='bbox 531 3519 563 3578; x_wconf 87' lang='lat' dir='ltr'>et</span> <span class='ocrx_word' id='word_1_263' title='bbox 586 3515 751 3599; x_wconf 81' lang='lat' dir='ltr'>ignaviam</span> <span class='ocrx_word' id='word_1_264' title='bbox 775 3514 979 3579; x_wconf 81' lang='lat' dir='ltr'>factumest.</span> <span class='ocrx_word' id='word_1_265' title='bbox 1230 3516 1262 3580; x_wconf 78' lang='lat' dir='ltr'>S.</span> <span class='ocrx_word' id='word_1_266' title='bbox 1287 3537 1313 3580; x_wconf 93' lang='lat' dir='ltr'>c.</span> 
     </span>
    </p>

    <p class='ocr_par' dir='ltr' id='par_1_11' title="bbox 210 3616 1329 3706">
     <span class='ocr_line' id='line_1_31' title="bbox 210 3616 1329 3706; baseline 0.003 -24"><span class='ocrx_word' id='word_1_267' title='bbox 210 3618 293 3683; x_wconf 91' lang='lat' dir='ltr'>Ibid.</span> <span class='ocrx_word' id='word_1_268' title='bbox 320 3617 361 3681; x_wconf 89' lang='lat'>11</span> <span class='ocrx_word' id='word_1_269' title='bbox 400 3616 461 3697; x_wconf 81' lang='lat' dir='ltr'>Qui</span> <span class='ocrx_word' id='word_1_270' title='bbox 485 3617 569 3683; x_wconf 92' lang='lat' dir='ltr'>color</span> <span class='ocrx_word' id='word_1_271' title='bbox 591 3620 678 3683; x_wconf 91' lang='lat' dir='ltr'>nitor</span> <span class='ocrx_word' id='word_1_272' title='bbox 701 3621 854 3697; x_wconf 85' lang='lat' dir='ltr'>vestitus,</span> <span class='ocrx_word' id='word_1_273' title='bbox 878 3641 959 3704; x_wconf 90' lang='lat' dir='ltr'>quae</span> <span class='ocrx_word' id='word_1_274' title='bbox 982 3620 1167 3685; x_wconf 88' lang='lat' dir='ltr'>habitudost</span> <span class='ocrx_word' id='word_1_275' title='bbox 1191 3623 1329 3706; x_wconf 86' lang='lat' dir='ltr'>corporis</span> 
     </span>
    </p>

    <p class='ocr_par' dir='ltr' id='par_1_12' title="bbox 167 3722 1360 4024">
     <span class='ocr_line' id='line_1_32' title="bbox 212 3722 1359 3810; baseline 0.002 -22"><span class='ocrx_word' id='word_1_276' title='bbox 212 3724 294 3790; x_wconf 89' lang='lat' dir='ltr'>Don.</span> <span class='ocrx_word' id='word_1_277' title='bbox 318 3724 366 3802; x_wconf 92' lang='grc'>(1)</span> <span class='ocrx_word' id='word_1_278' title='bbox 398 3723 468 3789; x_wconf 85' lang='grc' dir='ltr'>Ηοθ</span> <span class='ocrx_word' id='word_1_279' title='bbox 498 3728 607 3789; x_wconf 86' lang='lat' dir='ltr'>contra</span> <span class='ocrx_word' id='word_1_280' title='bbox 629 3722 713 3789; x_wconf 91' lang='lat' dir='ltr'>illud</span> <span class='ocrx_word' id='word_1_281' title='bbox 736 3725 820 3810; x_wconf 90' lang='lat' dir='ltr'>quod</span> <span class='ocrx_word' id='word_1_282' title='bbox 843 3727 889 3790; x_wconf 88' lang='lat' dir='ltr'>ait</span> <span class='ocrx_word' id='word_1_283' title='bbox 913 3729 972 3806; x_wconf 83' lang='lat' dir='ltr'>(vs.</span> <span class='ocrx_word' id='word_1_284' title='bbox 999 3726 1033 3807; x_wconf 83' lang='lat'>5)</span> <span class='ocrx_word' id='word_1_285' title='bbox 1059 3727 1173 3804; x_wconf 81' lang='lat' dir='ltr'>„video</span> <span class='ocrx_word' id='word_1_286' title='bbox 1197 3727 1359 3806; x_wconf 89' lang='lat' dir='ltr'>eentum&#39;&#39;,</span> 
     </span>
     <span class='ocr_line' id='line_1_33' title="bbox 168 3827 1360 3918; baseline 0.002 -23"><span class='ocrx_word' id='word_1_287' title='bbox 168 3836 240 3895; x_wconf 87' lang='lat' dir='ltr'>cett.</span> <span class='ocrx_word' id='word_1_288' title='bbox 310 3827 440 3910; x_wconf 86' lang='grc' dir='ltr'>ΙΡ·(2)</span> <span class='ocrx_word' id='word_1_289' title='bbox 473 3828 600 3906; x_wconf 82' lang='lat' dir='ltr'>„color”</span> <span class='ocrx_word' id='word_1_290' title='bbox 632 3829 672 3894; x_wconf 90' lang='lat' dir='ltr'>ad</span> <span class='ocrx_word' id='word_1_291' title='bbox 697 3830 879 3909; x_wconf 86' lang='lat' dir='ltr'>„eentum’&#39;,</span> <span class='ocrx_word' id='word_1_292' title='bbox 905 3831 1034 3909; x_wconf 77' lang='lat' dir='ltr'>„nitor”</span> <span class='ocrx_word' id='word_1_293' title='bbox 1057 3833 1096 3897; x_wconf 86' lang='lat' dir='ltr'>ad</span> <span class='ocrx_word' id='word_1_294' title='bbox 1122 3832 1360 3918; x_wconf 90' lang='lat' dir='ltr'>„squalidum&#39;’,</span> 
     </span>
     <span class='ocr_line' id='line_1_34' title="bbox 167 3935 1314 4024; baseline 0.001 -22"><span class='ocrx_word' id='word_1_295' title='bbox 167 3935 348 4014; x_wconf 83' lang='lat' dir='ltr'>„restitus”</span> <span class='ocrx_word' id='word_1_296' title='bbox 373 3935 412 4000; x_wconf 90' lang='lat' dir='ltr'>ad</span> <span class='ocrx_word' id='word_1_297' title='bbox 437 3957 488 4020; x_wconf 90' lang='lat' dir='ltr'>„p.</span> <span class='ocrx_word' id='word_1_298' title='bbox 504 3935 606 4015; x_wconf 86' lang='lat' dir='ltr'>a.o.&#39;&#39;,</span> <span class='ocrx_word' id='word_1_299' title='bbox 634 3936 726 4012; x_wconf 91' lang='lat' dir='ltr'>,‚hab.</span> <span class='ocrx_word' id='word_1_300' title='bbox 751 3936 859 4022; x_wconf 88' lang='lat' dir='ltr'>corp.’&#39;</span> <span class='ocrx_word' id='word_1_301' title='bbox 880 3937 919 4002; x_wconf 90' lang='lat' dir='ltr'>ad</span> <span class='ocrx_word' id='word_1_302' title='bbox 945 3939 1133 4024; x_wconf 75' lang='lat' dir='ltr'>„aegrum”.</span> <span class='ocrx_word' id='word_1_303' title='bbox 1232 3937 1263 4004; x_wconf 77' lang='lat' dir='ltr'>S.</span> <span class='ocrx_word' id='word_1_304' title='bbox 1289 3959 1314 4003; x_wconf 91' lang='lat' dir='ltr'>c.</span> 
     </span>
    </p>

    <p class='ocr_par' dir='ltr' id='par_1_13' title="bbox 208 4039 1095 4129">
     <span class='ocr_line' id='line_1_35' title="bbox 208 4039 1095 4129; baseline 0.005 -23"><span class='ocrx_word' id='word_1_305' title='bbox 208 4042 290 4108; x_wconf 93' lang='lat' dir='ltr'>Ibid.</span> <span class='ocrx_word' id='word_1_306' title='bbox 318 4041 360 4106; x_wconf 86' lang='grc'>12</span> <span class='ocrx_word' id='word_1_307' title='bbox 397 4039 512 4106; x_wconf 90' lang='lat' dir='ltr'>Omnia</span> <span class='ocrx_word' id='word_1_308' title='bbox 535 4042 646 4120; x_wconf 88' lang='lat' dir='ltr'>habeo,</span> <span class='ocrx_word' id='word_1_309' title='bbox 672 4063 774 4128; x_wconf 91' lang='lat' dir='ltr'>neque</span> <span class='ocrx_word' id='word_1_310' title='bbox 798 4046 969 4129; x_wconf 89' lang='lat' dir='ltr'>quicquam</span> <span class='ocrx_word' id='word_1_311' title='bbox 994 4046 1095 4110; x_wconf 88' lang='lat' dir='ltr'>habeo</span> 
     </span>
    </p>

    <p class='ocr_par' dir='ltr' id='par_1_14' title="bbox 161 4146 1363 4555">
     <span class='ocr_line' id='line_1_36' title="bbox 206 4146 1361 4237; baseline 0.003 -25"><span class='ocrx_word' id='word_1_312' title='bbox 206 4149 256 4213; x_wconf 92' lang='grc' dir='ltr'>ΙΡ</span> <span class='ocrx_word' id='word_1_313' title='bbox 282 4148 331 4229; x_wconf 87' lang='lat' dir='ltr'>(l)</span> <span class='ocrx_word' id='word_1_314' title='bbox 357 4170 407 4225; x_wconf 89' lang='grc' dir='ltr'><strong>,,ο.</strong></span> <span class='ocrx_word' id='word_1_315' title='bbox 430 4147 485 4212; x_wconf 91' lang='lat' dir='ltr'>h.”</span> <span class='ocrx_word' id='word_1_316' title='bbox 511 4146 550 4212; x_wconf 91' lang='lat' dir='ltr'>ad</span> <span class='ocrx_word' id='word_1_317' title='bbox 574 4149 680 4232; x_wconf 91' lang='lat' dir='ltr'>„quod</span> <span class='ocrx_word' id='word_1_318' title='bbox 700 4149 799 4214; x_wconf 89' lang='lat' dir='ltr'>habui</span> <span class='ocrx_word' id='word_1_319' title='bbox 819 4149 964 4235; x_wconf 88' lang='lat' dir='ltr'>perdidi’&#39;</span> <span class='ocrx_word' id='word_1_320' title='bbox 985 4159 1045 4232; x_wconf 88' lang='lat' dir='ltr'>(vs.</span> <span class='ocrx_word' id='word_1_321' title='bbox 1060 4152 1104 4233; x_wconf 88' lang='grc'>6),</span> <span class='ocrx_word' id='word_1_322' title='bbox 1127 4173 1249 4237; x_wconf 88' lang='lat' dir='ltr'>„neque</span> <span class='ocrx_word' id='word_1_323' title='bbox 1262 4173 1291 4236; x_wconf 92' lang='lat' dir='ltr'>q.</span> <span class='ocrx_word' id='word_1_324' title='bbox 1305 4151 1361 4217; x_wconf 85' lang='lat' dir='ltr'>h.”</span> 
     </span>
     <span class='ocr_line' id='line_1_37' title="bbox 162 4252 1363 4343; baseline 0.004 -25"><span class='ocrx_word' id='word_1_325' title='bbox 162 4254 200 4318; x_wconf 87' lang='lat' dir='ltr'>ad</span> <span class='ocrx_word' id='word_1_326' title='bbox 224 4256 315 4333; x_wconf 89' lang='lat' dir='ltr'>„mei</span> <span class='ocrx_word' id='word_1_327' title='bbox 337 4252 400 4317; x_wconf 91' lang='lat' dir='ltr'>loci</span> <span class='ocrx_word' id='word_1_328' title='bbox 422 4259 517 4338; x_wconf 91' lang='lat' dir='ltr'>atque</span> <span class='ocrx_word' id='word_1_329' title='bbox 542 4253 660 4318; x_wconf 90' lang='lat' dir='ltr'>ordinis</span> <span class='ocrx_word' id='word_1_330' title='bbox 684 4255 871 4321; x_wconf 90' lang='lat' dir='ltr'>hominem”</span> <span class='ocrx_word' id='word_1_331' title='bbox 897 4266 958 4336; x_wconf 82' lang='lat' dir='ltr'>(vs,</span> <span class='ocrx_word' id='word_1_332' title='bbox 981 4258 1025 4335; x_wconf 88' lang='grc'>3).</span> <span class='ocrx_word' id='word_1_333' title='bbox 1094 4256 1131 4320; x_wconf 92' lang='lat' dir='ltr'>Iu</span> <span class='ocrx_word' id='word_1_334' title='bbox 1156 4258 1214 4323; x_wconf 86' lang='lat' dir='ltr'>hec</span> <span class='ocrx_word' id='word_1_335' title='bbox 1238 4279 1363 4343; x_wconf 90' lang='lat' dir='ltr'>quoque</span> 
     </span>
     <span class='ocr_line' id='line_1_38' title="bbox 161 4359 1361 4447; baseline 0.005 -24"><span class='ocrx_word' id='word_1_336' title='bbox 161 4359 303 4426; x_wconf 85' lang='lat' dir='ltr'>formula</span> <span class='ocrx_word' id='word_1_337' title='bbox 339 4365 468 4424; x_wconf 90' lang='lat' dir='ltr'>secutus</span> <span class='ocrx_word' id='word_1_338' title='bbox 502 4365 551 4424; x_wconf 88' lang='lat' dir='ltr'>est</span> <span class='ocrx_word' id='word_1_339' title='bbox 580 4359 759 4438; x_wconf 89' lang='lat' dir='ltr'>Donatum,</span> <span class='ocrx_word' id='word_1_340' title='bbox 797 4365 853 4447; x_wconf 90' lang='lat' dir='ltr'>qui</span> <span class='ocrx_word' id='word_1_341' title='bbox 883 4363 1002 4428; x_wconf 88' lang='lat' dir='ltr'>iustius</span> <span class='ocrx_word' id='word_1_342' title='bbox 1033 4368 1066 4428; x_wconf 93' lang='lat' dir='ltr'>et</span> <span class='ocrx_word' id='word_1_343' title='bbox 1097 4363 1293 4428; x_wconf 88' lang='lat' dir='ltr'>moderatius</span> <span class='ocrx_word' id='word_1_344' title='bbox 1324 4385 1361 4429; x_wconf 90' lang='lat' dir='ltr'>ea</span> 
     </span>
     <span class='ocr_line' id='line_1_39' title="bbox 161 4464 1352 4555; baseline 0.001 -23"><span class='ocrx_word' id='word_1_345' title='bbox 161 4469 266 4532; x_wconf 90' lang='lat' dir='ltr'>utitur</span> <span class='ocrx_word' id='word_1_346' title='bbox 288 4464 381 4532; x_wconf 84' lang='lat' dir='ltr'>velut</span> <span class='ocrx_word' id='word_1_347' title='bbox 405 4465 437 4530; x_wconf 91' lang='lat' dir='ltr'>h.</span> <span class='ocrx_word' id='word_1_348' title='bbox 457 4464 480 4530; x_wconf 90' lang='lat' dir='ltr'>l.</span> <span class='ocrx_word' id='word_1_349' title='bbox 506 4465 555 4546; x_wconf 89' lang='grc'>(2)</span> <span class='ocrx_word' id='word_1_350' title='bbox 580 4486 629 4543; x_wconf 86' lang='grc' dir='ltr'><strong><em>,,ο.</em></strong></span> <span class='ocrx_word' id='word_1_351' title='bbox 653 4466 709 4531; x_wconf 91' lang='lat' dir='ltr'>h.”</span> <span class='ocrx_word' id='word_1_352' title='bbox 733 4466 773 4532; x_wconf 87' lang='lat' dir='ltr'>ad</span> <span class='ocrx_word' id='word_1_353' title='bbox 795 4467 991 4534; x_wconf 89' lang='lat' dir='ltr'>iudustriam</span> <span class='ocrx_word' id='word_1_354' title='bbox 1014 4468 1160 4547; x_wconf 88' lang='lat' dir='ltr'>rettulit,</span> <span class='ocrx_word' id='word_1_355' title='bbox 1186 4492 1217 4536; x_wconf 90' lang='lat' dir='ltr'>n.</span> <span class='ocrx_word' id='word_1_356' title='bbox 1242 4491 1271 4555; x_wconf 92' lang='lat' dir='ltr'>q.</span> <span class='ocrx_word' id='word_1_357' title='bbox 1296 4468 1352 4533; x_wconf 84' lang='lat' dir='ltr'>h.”</span> 
     </span>
    </p>
   </div>
   <div class='ocr_carea' id='block_1_3' title="bbox 0 0 1714 5392">
    <p class='ocr_par' dir='ltr' id='par_1_15' title="bbox 0 0 1714 5392">
     <span class='ocr_line' id='line_1_40' title="bbox 0 0 1714 5392; baseline 0 1"><span class='ocrx_word' id='word_1_358' title='bbox 0 0 1714 5392; x_wconf 95' lang='lat' dir='ltr'> </span> 
     </span>
    </p>
   </div>
  </div>
 </body>
</html>
