3450 5382
212 371 218 379 ·
343 327 408 394 184
860 345 1016 398 nonnum.

341 517 453 578 cerunt
472 516 509 578 ut
526 516 576 578 est
595 514 693 578 etiam
713 511 799 598 apud
819 511 1054 600 Eugraphium.
1080 510 1174 578 Dcn.
1195 512 1255 578 hoc
1275 511 1406 578 damnat
1425 512 1535 578 aliam-

341 639 402 704 que
426 621 659 684 enarrationem
682 618 811 684 dederat
833 621 867 684 in
890 618 948 700 (2).
1058 682 1061 688 .

386 723 433 790 111
453 723 483 792 4.
497 724 541 790 26
554 724 602 807 (3)
621 725 774 811 Imperite
789 724 975 790 Terentium
990 724 1028 790 de
1040 724 1193 811 Myconio
1212 726 1398 810 crispum
1416 725 1535 790 dixisse

340 833 448 909 aiunt,
477 853 552 896 cum
576 830 788 917 Apollodorus
812 829 979 896 calvum
1003 829 1137 909 dixerit,
1163 830 1248 916 qnod
1271 833 1437 916 proprium
1451 831 1535 918 My·

340 938 441 1002 coniis
471 943 533 1015 est,
563 943 602 1003 ut
633 936 777 1003 Lucilius
881 936 944 1003 Sed
977 958 1038 1023 ego
1061 936 1249 1002 'Ferentium
1273 944 1352 1023 puto
1377 939 1531 1003 scientem
1558 1015 1560 1020 Ι

341 1042 475 1108 facetius
498 1044 690 1129 Myconium
713 1045 900 1129 crispum
924 1042 1052 1108 dixisse.

384 1146 598 1214 Probabiliter
621 1147 765 1214 Donatus
788 1151 898 1214 contra
922 1149 1063 1234 Asprum
1071 1195 1080 1226 ,
1105 1148 1143 1213 ci.
1165 1147 1220 1213 W.
1244 1170 1275 1233 p.
1300 1147 1354 1214 29.

385 1253 466 1320 Ibid.
492 1253 535 1319 33
571 1253 662 1334 Quod
685 1261 795 1340 potero
820 1255 952 1332 faciam,
978 1260 1085 1319 tamen
1108 1260 1146 1319 nt
1168 1256 1323 1339 pietatem
1348 1253 1452 1320 colam

385 1357 529 1424 Donatus
560 1362 675 1426 merito
707 1363 752 1426 sic
784 1360 949 1438 distinxit,
981 1360 1179 1445 subiungens
1209 1358 1275 1442 (7):
1309 1359 1392 1426 Sunt
1425 1368 1534 1428 tamen

340 1467 396 1550 qui
425 1471 574 1531 manente
605 1466 714 1531 eadem
739 1468 896 1531 sententia
921 1470 1027 1533 totum
1049 1466 1108 1532 hoc
1131 1468 1273 1552 iungunt
1297 1489 1348 1552 „q.
1361 1489 1392 1552 p.
1417 1467 1532 1532 faciam

340 1577 448 1637 tamen
471 1578 509 1637 ut
533 1595 562 1659 p.
576 1573 625 1638 c.''
651 1575 710 1638 hoc
733 1577 798 1651 est,
822 1577 897 1638 cett.
933 1572 1004 1658 Ipse
1023 1572 1157 1638 fortasse
1177 1572 1274 1639 Probi
1293 1572 1532 1639 distinctionem

340 1684 469 1744 secutus
492 1685 550 1744 est.

385 1783 428 1848 IV
455 1785 483 1848 1.
498 1784 539 1850 21
576 1785 644 1851 Ph.
669 1784 739 1870 Ego
763 1787 861 1850 etiam
887 1783 1018 1850 illorum
1039 1804 1106 1849 esse
1126 1785 1208 1849 hanc
1227 1783 1371 1870 culpem,
1394 1784 1533 1871 credidi,

340 1913 421 1979 quae
453 1897 484 1957 te
516 1898 565 1957 est
595 1912 701 1977 penes.
737 1891 815 1978 Μ).
848 1892 968 1958 Misera
993 1912 1076 1956 sum.
1113 1890 1179 1955 Th.
1205 1889 1339 1956 Utinam
1363 1892 1462 1957 sciam
1486 1894 1534 1958 ita

340 2019 408 2065 esse
430 1999 515 2064 istuc

385 2104 433 2186 (1)
458 2103 612 2188 „Utinam
637 2106 735 2168 sciam
758 2105 805 2169 ita
827 2124 895 2169 essa
918 2102 1024 2169 istuc''
1050 2107 1081 2168 te
1105 2104 1257 2169 miserem
1281 2124 1357 2170 esse.
1383 2103 1436 2169 Sic
1455 2103 1534 2170 alibi

326 2210 474 2291 (Heaut.
498 2208 512 2274 I
536 2209 556 2274 2
582 2208 638 2290 18)
663 2205 864 2286 „Miserumi
888 2230 985 2295 quem
1009 2210 1118 2274 minus
1141 2208 1269 2274 credere
1289 2206 1379 2274 estl'’
1405 2212 1535 2292 [eterit

339 2337 467 2383 sensus:
500 2317 624 2382 utinam
655 2337 730 2381 rere
761 2318 804 2380 sis
829 2317 971 2400 misera]
997 2352 1038 2364 —
1063 2314 1111 2395 (2)
1135 2315 1205 2380 Hoc
1229 2315 1359 2400 qnidam
1385 2319 1429 2381 sic
1453 2318 1535 2382 acci-

340 2424 450 2509 piunt,
474 2423 565 2505 quasi
589 2420 768 2506 Phidippus
792 2420 889 2486 dieat:
914 2441 1010 2506 penes
1030 2426 1061 2486 te
1082 2419 1176 2506 culpa
1195 2426 1260 2499 est,
1282 2441 1380 2506 qnam
1399 2420 1535 2488 illorum

243 2535 255 2556 ‘
340 2549 406 2594 esse
437 2527 621 2603 credebam,
653 2531 685 2591 et
716 2528 859 2604 utinam,
893 2526 977 2611 quod
998 2526 1092 2592 credo
1115 2547 1211 2611 penes
1236 2532 1267 2592 te
1291 2547 1357 2593 esse
1382 2526 1530 2613 culpam,

338 2636 384 2700 ita
416 2654 482 2698 esse
514 2637 600 2698 certo
624 2634 734 2696 sciam.
760 2669 802 2680 -
826 2631 875 2712 (3)
900 2632 982 2712 Quia
1005 2632 1086 2697 dixit
1109 2652 1142 2697 se
1166 2635 1317 2698 miseram
1342 2640 1374 2698 at
1398 2635 1534 2700 miseros

202 2763 206 2770 ·
238 2770 241 2776 ·
338 2761 401 2806 non
424 2741 486 2804 nisi
508 2741 692 2804 innocentes
715 2737 871 2816 dicimus,
895 2737 951 2804 ille
974 2740 1035 2805 hoc
1059 2738 1245 2823 respondet:
1270 2741 1396 2805 utinam
1420 2743 1453 2805 in
1473 2741 1534 2807 boc

338 2848 467 2932 negotio
490 2846 641 2910 miseram
664 2849 696 2910 te
720 2866 782 2910 non
806 2843 974 2910 scelestam
997 2841 1172 2928 reperiam!
1195 2843 1248 2910 Sic
1269 2843 1443 2910 Sallustius
1466 2851 1535 2924 „at-

338 2973 400 3038 que
432 2972 467 3016 ea
498 2956 664 3038 cogentes,
696 2972 759 3016 non
790 2956 933 3028 coactos,
966 2947 1114 3016 scelestos
1145 2953 1252 3036 magis
1275 2972 1372 3036 quarn
1397 2954 1532 3018 miseros

337 3058 516 3145 obstringi”
553 3053 654 3138 (Hist.
690 3057 758 3137 fn),
795 3061 828 3122 et
860 3057 933 3123 ideo
967 3059 1114 3142 sequitur
1149 3055 1225 3134 „sed
1260 3066 1350 3124 nnuc
1379 3057 1461 3122 mihi
1495 3060 1529 3123 in

338 3165 501 3231 mentem”
520 3164 552 3246 1).
1003 3155 1004 3160 ’

382 3269 606 3338 Controversia
642 3274 789 3336 versatur
822 3272 858 3336 in
891 3269 1123 3358 significatione
1158 3271 1354 3355 pronominis
1392 3271 1530 3350 ,istuc'’,

336 3369 525 3462 respiciatne
556 3375 744 3460 praecedens
778 3377 915 3454 „misera
946 3376 1040 3442 sum''
1073 3396 1112 3440 an
1146 3396 1248 3461 „quae
1279 3374 1402 3460 (culpa)
1426 3382 1458 3441 te
1482 3383 1531 3442 est

336 3481 465 3567 penes’'.
482 3479 665 3546 Secundum
686 3480 847 3548 Donatum
867 3479 1047 3566 Phidippus
1062 3483 1155 3548 uxori
1166 3480 1351 3566 respondet:
1374 3480 1529 3560 „Utinam

335 3589 434 3653 sciam
454 3591 486 3652 te
505 3607 573 3652 esse
593 3589 761 3665 miseram,
783 3587 814 3654 h.
829 3608 856 3652 e.
874 3587 1110 3667 innocentem’',
1124 3587 1299 3654 secundum
1313 3587 1528 3672 „quosdam’':

337 3692 491 3772 „Utinam
522 3694 620 3757 sciam
651 3713 746 3778 penes
777 3698 809 3758 te
833 3713 901 3758 esse
923 3692 1087 3778 culpam’'.
1124 3693 1203 3758 Don.
1227 3694 1529 3778 interpretationem

335 3820 427 3866 suam
458 3798 644 3884 explanavit
675 3797 803 3865 scholiis
836 3799 896 3880 (l),
927 3800 983 3865 ubi
1014 3803 1120 3865 tamen
1153 3802 1254 3866 otiosa
1284 3801 1381 3866 rerba
1404 3802 1531 3866 uncinis

335 3903 458 3971 inclusa
477 3927 534 3990 pro
554 3905 746 3971 emblemate
764 3906 958 3972 removenda
976 3910 1052 3971 sunt
1063 3953 1071 3984 ,
1093 3911 1126 3971 et
1146 3905 1194 3990 (3)
1213 3906 1270 3972 nbi
1293 3909 1421 3972 miser
1442 3907 1529 3973 idem

335 4017 383 4077 est
406 4010 489 4097 qnod
513 4013 724 4078 innocens.
750 4012 899 4077 Primum
922 4014 1002 4078 citat
1022 4011 1208 4100 exemplum
1228 4011 1474 4091 Terentianum,
1495 4016 1530 4078 in

335 4140 397 4204 qno
421 4119 547 4183 miser
571 4118 682 4184 eadem
708 4119 829 4184 ratione
853 4117 1033 4197 adhibetur,
1057 4118 1130 4184 dein
1154 4117 1388 4185 Sallustianum
1414 4121 1530 4186 mise

368 4392 395 4456 1)
415 4390 490 4441 Verbo
506 4390 640 4456 sequentias
661 4393 844 4455 „argumentum
862 4407 890 4440 ex
906 4392 1098 4442 antecedentibus
1113 4393 1182 4443 dictis
1196 4395 1221 4443 ct
1237 4393 1321 4443 lactis‘’
1338 4393 1429 4444 rhetori
1445 4394 1531 4446 deben-

334 4475 382 4534 tur,
400 4473 441 4538 qui
458 4473 586 4523 identidem
604 4473 629 4521 in
651 4473 757 4537 Hecyrae
775 4474 909 4522 commento
928 4477 1034 4540 apparet.
