3450 5382
352 337 417 403 152
871 356 1027 406 nonanus.

393 521 420 586 Ε
451 521 579 588 scholiis
609 522 871 608 praecedentibus
901 524 1002 587 etium
1033 521 1162 587 Editori
1184 522 1384 588 reddendum
1408 528 1457 590 est
1481 524 1549 606 (l):

348 625 397 705 „0
428 631 478 694 vir
507 629 599 694 sortis
627 635 724 714 atque
754 627 901 694 amicus”
933 628 1044 694 ordine
1073 628 1239 696 laudavit:
1271 629 1346 715 plns
1380 637 1426 696 est
1460 632 1548 696 enim

349 735 515 812 „amicus”
538 757 637 821 quam
662 738 736 812 „vir
759 735 885 800 lortis”.

393 886 425 952 ll
448 885 513 952 3.3
548 887 633 967 Quin
657 893 695 951 tu
718 886 778 951 hoc
801 908 862 972 age

392 993 440 1074 (4)
465 995 606 1068 Annuit,
631 999 668 1058 ut
691 999 804 1058 taceat.
873 991 926 1057 Sic
951 991 1098 1058 Donatus
1106 1014 1114 1072 ;
1140 995 1299 1078 magister
1321 996 1356 1058 in
1380 996 1546 1079 margine:

348 1099 396 1179 (5)
430 1098 500 1181 [lit]
523 1098 685 1185 significat
707 1097 893 1176 silentium,
919 1137 962 1146 -
986 1098 1074 1184 quod
1097 1097 1297 1184 Gompilator
1319 1100 1467 1165 adiunxit
1490 1121 1548 1185 per

347 1211 385 1268 ct.
432 1203 566 1289 Reliqua
594 1204 692 1269 huius
722 1224 854 1269 scaenae
884 1203 1006 1270 scholia
1036 1207 1104 1269 iam
1135 1226 1232 1290 supra
1264 1211 1433 1271 exsecutus
1459 1227 1542 1271 sum.

347 1309 399 1375 Ad
421 1331 548 1375 scaenas
570 1310 602 1375 ll
625 1311 726 1396 4sqq.
750 1314 784 1374 in
807 1319 988 1376 commento
1011 1310 1095 1375 nihil
1119 1316 1168 1376 est
1192 1311 1277 1396 quod
1301 1311 1421 1384 adhoc
1442 1333 1545 1399 genus
1676 1281 1680 1288 ¹

349 1416 552 1482 referendum
574 1421 629 1482 sit.

394 1523 442 1586 lix
473 1524 532 1588 hoo
562 1526 667 1610 ign'tur
696 1543 813 1609 genere
842 1522 984 1587 Editorie
1015 1523 1214 1588 scholiorum
1245 1526 1427 1609 conspectui
1453 1545 1551 1610 supra

349 1631 452 1715 posito
476 1651 508 1714 p.
529 1628 593 1694 311
607 1650 674 1715 sqq.
699 1632 798 1694 etiam
822 1628 966 1694 addenda
989 1637 1067 1694 suut
1091 1629 1186 1695 haec:
1211 1628 1418 1696 Definitiones
1438 1631 1551 1697 verbo

348 1755 422 1799 rum
443 1734 595 1801 Donateis
618 1738 856 1821 oppositorum:
880 1735 979 1800 llun.
999 1735 1079 1821 prol.
1101 1733 1146 1815 6²,
1171 1735 1187 1800 Ι
1206 1735 1238 1800 2.
1253 1734 1323 1814 56³,
1348 1735 1380 1801 II
1402 1734 1432 1800 3.
1448 1733 1551 1817 27⁵·0,

349 1841 531 1906 1V13.1⁴.
565 1843 726 1907 Phorm.
750 1841 765 1906 Ι
792 1839 897 1907 l.l¹¹.

397 1946 582 2014 Differentia
603 1951 695 2013 iuxta
718 1946 800 2013 Don.
823 1947 839 2012 Ι
863 1948 895 2013 2.
910 1945 979 2013 67⁵.

396 2054 531 2145 quenta
550 2057 677 2140 propria
696 2053 863 2139 particulis
878 2055 1018 2119 adnexa:
1036 2078 1078 2117 cc
1097 2054 1195 2120 Eun.
1216 2055 1232 2120 Ι
1253 2053 1285 2119 2.
1300 2055 1369 2121 68².
1393 2055 1548 2121 Phorm.

354 2162 435 2250 prol.
467 2161 537 2240 24²,
565 2161 597 2227 Il
627 2159 778 2239 2.10⁰·²,
810 2162 859 2225 cet
888 2162 970 2227 Eun.
1002 2161 1019 2225 I
1050 2160 1081 2226 2.
1096 2158 1171 2239 24²,
1196 2163 1273 2244 plac
1306 2170 1350 2226 eat
1385 2163 1550 2228 Phorm.

352 2268 383 2333 II
408 2267 523 2335 2.10“.

397 2481 563 2546 Postremo
597 2479 668 2547 loco
703 2479 874 2546 dicendum
909 2487 958 2546 est
994 2480 1032 2545 de
1047 2567 1051 2576 .
1067 2479 1262 2546 scholiorum
1292 2503 1428 2567 genere,
1466 2482 1551 2568 quod

353 2587 601 2652 Wessnerus
637 2607 759 2672 „parva
789 2586 1030 2652 additamenta''
1064 2589 1209 2664 vocavit,
1241 2609 1322 2673 quae
1353 2609 1410 2674 por
1441 2595 1550 2655 totum

352 2700 572 2759 commentum
591 2696 749 2778 scriptura
766 2692 920 2758 inclinata
938 2696 1064 2758 notavit
1082 2713 1218 2758 numero
1238 2711 1324 2760 ouxx
1344 2695 1432 2776 (vide
1453 2718 1551 2782 supra

351 2822 382 2886 p.
407 2800 512 2885 2sq.),
536 2801 587 2864 his
610 2805 719 2865 autem
740 2798 845 2865 multo
865 2798 959 2884 plura
978 2800 1150 2880 accedunt,
1172 2821 1252 2886 quae
1272 2822 1347 2866 mox
1368 2822 1550 2888 persequar.

352 2906 497 2972 Produot
532 2906 609 2972 haec
644 2905 760 2971 salsam
791 2907 951 2990 originem
982 2927 1045 2970 non
1077 2908 1218 2972 externis
1249 2906 1395 2984 indiciis,
1428 2907 1483 2972 sed
1512 2929 1550 2974 eo

352 3011 437 3098 quod
468 3010 548 3077 falsa
574 3018 631 3077 aut
654 3014 761 3076 inania
785 3012 1006 3098 tironibusque
1031 3013 1086 3076 vix
1110 3012 1208 3098 digna
1232 3011 1452 3078 scholiuncula
1479 3034 1550 3079 con·

350 3121 470 3197 tinent,
496 3117 548 3184 vel
571 3121 669 3183 etiam
693 3118 911 3203 superioribus
931 3116 1059 3183 scholiis
1079 3116 1275 3205 tautologioe
1294 3119 1547 3205 subiunguntur.

352 3226 435 3291 Sunt
453 3245 577 3312 semper
597 3226 787 3290 brevissima
805 3231 837 3290 et
856 3227 950 3288 certis
968 3225 1033 3288 fere
1046 3223 1212 3309 particulis
1225 3229 1314 3306 (erpo,
1328 3248 1407 3303 acm,
1420 3232 1449 3288 ct
1461 3229 1547 3304 eta),

351 3332 481 3409 adnexa,
505 3353 541 3397 ac
560 3322 719 3416 peculiare
738 3351 841 3417 genus
861 3337 910 3395 est
930 3349 1142 3414 eorumquae
1166 3330 1288 3414 aliquid
1313 3329 1421 3396 deesse
1445 3332 1550 3396 obser-

352 3446 446 3517 vent,
474 3438 575 3524 qnod,
599 3440 662 3502 nisi
685 3439 741 3502 ubi
765 3457 932 3522 perperam
957 3435 1170 3514 contenditur,
1195 3436 1248 3502 vel
1272 3458 1383 3502 caecus
1406 3440 1475 3523 ipse
1498 3441 1548 3505 vi-

352 3546 444 3610 derit.
470 3542 668 3630 Gompilator
691 3550 755 3621 est,
781 3544 837 3628 qui
861 3543 938 3607 haec
962 3541 1184 3607 scholiuucula
1207 3564 1223 3608 e
1246 3545 1411 3622 variarum
1434 3543 1548 3609 editio·
1603 3529 1608 3538 ⁸

352 3673 433 3717 num
464 3651 664 3738 marginibus
698 3652 733 3713 in
767 3653 955 3714 contextum
992 3647 1158 3712 transtulit
1192 3669 1368 3734 eorumque
1402 3656 1548 3716 auctores

352 3760 483 3823 fuerunt
506 3758 655 3842 magistri
679 3757 812 3820 minoris
834 3766 945 3834 notae,
969 3756 1002 3818 in
1027 3755 1144 3838 quihus
1167 3753 1241 3832 ille,
1266 3777 1363 3840 quem
1386 3757 1415 3821 A
1438 3755 1548 3822 littera

352 3866 478 3949 saepius
502 3864 673 3948 insignivi,
698 3882 794 3926 soum
813 3860 921 3926 locum
942 3861 1075 3926 obtinet.
1100 3860 1183 3926 Sunt
1203 3863 1300 3926 etiam
1322 3883 1403 3949 quae
1422 3862 1550 3928 Editori

353 3968 550 4055 adsignanda
583 3968 761 4046 videantur,
795 3972 870 4031 sunt
902 3967 940 4032 de
971 3967 1088 4052 quihus
1117 3968 1244 4032 dubites
1275 3970 1380 4033 sintne
1413 3968 1549 4036 fortasse

351 4078 455 4161 ipsius
478 4073 613 4152 Donati,
638 4074 722 4160 quod
746 4072 964 4159 interrogandi
988 4076 1081 4159 signo
1105 4073 1250 4138 indicabo
1266 4073 1300 4152 ¹).

398 4180 487 4246 Haec
517 4183 624 4246 omnia
655 4201 753 4266 quam
784 4179 972 4246 brevissime
995 4179 1131 4244 reseram
1155 4178 1331 4244 secundum
1356 4180 1549 4266 particulas,

354 4288 470 4372 quibus
501 4286 654 4352 Donateis
678 4289 846 4352 coniuncta
870 4291 961 4365 sunt,
987 4271 1109 4350 diutius
1132 4291 1317 4350 moraturus
1340 4287 1373 4350 in
1397 4288 1438 4351 iis
1463 4288 1552 4353 scho-

387 4485 414 4550 l)
430 4482 536 4534 Litterae
555 4483 609 4534 tw.
627 4480 663 4534 o.'’
680 4483 842 4534 additamenta
858 4481 997 4533 indicabunt
1017 4481 1064 4533 ism
1082 4497 1097 4532 a
1117 4482 1285 4536 Wessnero
1303 4484 1394 4533 notata.
