3418 5392
372 381 416 447 36
887 400 1051 449 nostrus.

415 563 458 630 87
472 563 521 649 (2)
552 563 601 628 ΙΡ
631 569 792 630 auctorem
822 565 928 649 prodit
958 564 1099 632 formula
1127 588 1186 628 non
1208 567 1263 629 aad
1284 571 1397 650 quator
1420 569 1562 651 repetita

368 691 426 736 neo
456 691 517 737 non
546 671 746 767 aqtitbeseon
768 673 907 736 inanitas
930 677 963 736 ot
986 675 1088 736 nimia
1113 671 1308 756 „exquisiti”
1333 674 1490 737 sermonis
1513 672 1570 736 ad-

367 778 510 844 miratio.
580 774 623 841 87
636 777 686 861 (5)
709 775 844 841 Initium
867 783 1036 861 sumptum
1060 799 1079 842 a
1103 775 1146 842 87
1161 776 1208 862 (1)
1216 798 1224 854 ;
1249 777 1323 842 dein
1341 776 1422 842 falsa
1441 783 1490 842 ost
1514 778 1573 843 ob·

369 884 524 959 servatio,
544 888 671 967 poetam
692 903 774 957 „non
794 881 894 946 semel
912 885 1074 967 imputare
1093 883 1157 947 duo
1175 885 1352 968 mancipia,
1373 883 1449 948 sod’'
1471 889 1571 948 cett:

369 1010 443 1052 oum
462 990 550 1053 enim
569 987 694 1052 diversa
712 987 751 1052 ds
771 995 907 1073 utroque
927 989 1167 1074 praedicaturus
1187 990 1243 1066 sit,
1264 1010 1303 1054 ne
1315 992 1422 1074 potuit
1434 989 1572 1074 quidem

225 1165 227 1170 ,
368 1093 553 1158 eunuchum
576 1101 609 1159 ot
630 1092 773 1178 puellam
796 1093 916 1170 „semol
935 1095 1138 1179 imputare”;
1159 1101 1348 1160 mutuatum
1366 1096 1426 1160 hoo
1446 1097 1571 1180 partim

367 1200 497 1264 videtur
527 1221 545 1264 a
576 1199 700 1264 Donato
731 1202 765 1263 iu
796 1199 839 1264 89
852 1202 902 1286 (2)
918 1201 954 1285 ¹).
1023 1199 1068 1266 88
1080 1201 1130 1285 (4)
1160 1200 1271 1266 eadem
1302 1199 1426 1266 laborat
1456 1203 1571 1287 inepta

366 1308 521 1371 sermonis
542 1304 752 1371 admiratione
771 1306 850 1371 dum
870 1329 920 1372 res
940 1307 1006 1372 sere
1026 1313 1216 1392 repetuntur
1228 1328 1268 1371 ex
1280 1305 1324 1372 87
1337 1306 1386 1392 (1)
1398 1312 1431 1372 ot
1443 1305 1512 1391 87(
1537 1309 1567 1392 ).

366 1410 410 1476 88
424 1412 470 1497 (5)
494 1415 612 1497 partim
635 1411 891 1478 additamentum
915 1420 964 1478 est
987 1435 1075 1500 mag.
1098 1415 1128 1478 A
1150 1434 1207 1498 ρον
1229 1433 1312 1493 erpo;
1336 1412 1376 1478 do
1399 1435 1463 1498 quo
1487 1413 1567 1479 vide

367 1539 480 1603 supra3
512 1525 673 1603 postrema
698 1520 795 1584 rerba
817 1519 914 1584 finem
937 1520 1080 1584 referunt
1103 1518 1215 1585 soholii
1238 1517 1281 1584 87
1295 1519 1345 1604 (1)
1369 1527 1401 1584 ot
1424 1522 1570 1605 interpo-

365 1623 484 1690 latione
508 1628 658 1710 magistri
683 1625 710 1688 Α
733 1624 818 1689 male
841 1633 986 1710 separata
1009 1632 1086 1690 sunt
1109 1625 1148 1690 ab
1171 1623 1216 1690 88
1228 1626 1289 1710 (4).
1359 1624 1402 1689 88
1416 1624 1466 1710 (6)
1489 1627 1567 1689 imi-

366 1733 446 1796 tatio
475 1737 525 1796 est
547 1729 662 1796 soholii
685 1731 746 1815 (2),
770 1730 825 1795 sed
848 1734 916 1795 sine
939 1730 1098 1816 exemplo.
1167 1729 1212 1795 88
1225 1729 1275 1813 (7)
1298 1735 1347 1795 est
1370 1737 1488 1817 arguta
1511 1731 1568 1796 sed

368 1835 448 1902 falsa
468 1837 620 1902 refutatio
640 1838 768 1923 perard
790 1835 904 1902 scholii
927 1836 977 1922 (2)
1001 1835 1051 1902 vel
1076 1837 1137 1922 (6).
1207 1835 1311 1902 Schol.
1335 1835 1381 1901 88
1393 1835 1443 1920 (8)
1468 1839 1570 1924 signi-

365 1941 460 2007 ficare
485 1942 623 2019 videtur,
648 1949 776 2027 postam
799 1945 833 2006 in
856 1941 972 2008 ancilla
994 1945 1246 2028 praetermisisse
1269 1943 1434 2028 epitheton
1460 1943 1568 2028 „quod

369 2047 455 2113 solae
490 2048 540 2112 his
576 2053 715 2113 utuntur
744 2049 908 2134 roginae’',
939 2048 1026 2133 quod
1056 2052 1193 2114 oratorio
1223 2048 1366 2114 subdidit
1398 2049 1566 2126 eunucho,

369 2156 444 2236 quia
467 2153 556 2218 nulla
582 2154 785 2238 Aethiopissa
807 2153 941 2239 pulchra
964 2155 1016 2238 (of.
1038 2153 1086 2218 111
1106 2154 1137 2219 2.
1151 2155 1209 2239 21)
1233 2154 1298 2220 diei
1316 2156 1428 2239 possit.
1453 2154 1568 2240 Itaque

368 2259 472 2324 forma
492 2267 525 2324 et
544 2281 577 2324 ro
597 2263 745 2346 ineptum
764 2266 823 2326 ost.
893 2261 1026 2326 Restant
1045 2259 1088 2324 85
1102 2260 1162 2346 (2),
1183 2258 1228 2326 87
1241 2259 1300 2347 (3),
1320 2259 1364 2324 88
1377 2260 1426 2344 (1)
1440 2259 1490 2345 (3)
1504 2259 1565 2344 (9).
1591 2321 1595 2326 ,

369 2364 417 2427 Ex
436 2365 487 2429 his
507 2364 550 2429 85
563 2366 613 2449 (2)
634 2371 743 2430 eontra
760 2365 876 2432 Sabb.
897 2366 1020 2432 Donato
1037 2365 1281 2452 relinquendum
1293 2387 1361 2431 esso
1372 2373 1452 2451 puto
1465 2370 1566 2432 etiam

367 2472 460 2535 iuxta
491 2470 596 2556 87(1)
629 2477 662 2537 ot
692 2473 730 2536 of.
763 2471 806 2536 89
820 2473 884 2556 (2);
918 2472 957 2537 do
989 2470 1033 2537 87
1047 2471 1096 2556 (3)
1128 2480 1160 2537 et
1191 2471 1235 2536 88
1248 2471 1296 2552 (3)
1327 2477 1375 2536 est
1399 2472 1484 2557 quod
1508 2473 1568 2537 du·

367 2575 466 2653 bites;
500 2575 617 2642 Sabb.
641 2597 703 2641 non
727 2577 911 2658 damnavit3
938 2577 1073 2663 donique
1097 2599 1114 2642 e
1138 2576 1299 2642 similibus
1322 2576 1365 2642 88
1379 2576 1428 2660 (1)
1454 2583 1487 2642 ot
1511 2577 1562 2661 (9)

367 2682 426 2746 hoo
450 2685 557 2766 potius
582 2681 706 2748 Donato
730 2682 872 2748 dederim
895 2691 1027 2768 propter
1048 2683 1201 2749 idoneum
1222 2682 1417 2768 exemplum.

414 2785 497 2853 (lum
528 2791 632 2875 igitur
662 2789 801 2855 Editoris
832 2811 960 2876 operam
992 2793 1224 2875 persequimur,
1248 2789 1395 2854 videmus
1417 2810 1494 2854 eum
1518 2791 1565 2853 in·

368 2899 497 2979 tegrum
525 2894 697 2960 reddidisse
726 2894 888 2961 Donatum
913 2895 953 2960 ed
977 2895 1020 2960 85
1044 2905 1077 2960 ot
1100 2894 1155 2973 86,
1180 2895 1380 2981 supplevisse
1402 2895 1500 2962 illum
1524 2895 1563 2960 ad

368 2998 411 3065 87
437 3002 470 3064 in
494 2999 544 3085 (2)
568 3021 624 3085 per
647 3001 754 3064 deinde
776 3009 808 3066 et
830 3001 934 3066 denuo
957 3004 990 3066 in
1016 3001 1065 3085 (5)
1089 3023 1146 3087 ρον
1169 3002 1236 3066 vide
1258 3025 1298 3086 q.,
1331 3002 1502 3086 utrobique
1525 3006 1564 3065 ut

366 3105 436 3170 stili
459 3103 642 3170 Terentiani
664 3105 909 3172 admirationem
934 3109 1087 3171 excitaret
1103 3105 1303 3192 legentibus,
1324 3105 1408 3191 quod
1429 3108 1563 3171 tertium

367 3232 493 3297 quoque
517 3212 593 3277 feeit
611 3214 643 3276 in
664 3211 707 3277 88
721 3214 781 3299 (4),
803 3213 939 3298 denique
958 3216 993 3276 in
1013 3211 1056 3277 88
1069 3211 1119 3297 (7)
1139 3215 1234 3278 erisin
1253 3215 1432 3278 exercuisse
1453 3217 1563 3278 contra

368 3317 531 3384 Donatum
556 3318 600 3383 88
613 3317 663 3402 (2)
686 3325 718 3384 et
742 3318 900 3384 addidisse
922 3321 1047 3403 ineptas
1070 3320 1215 3403 argutias
1238 3321 1271 3382 in
1295 3317 1355 3402 (8).
1391 3317 1566 3402 Repetitio·

366 3447 422 3490 nes
453 3424 496 3488 88
510 3424 559 3511 (1)
592 3430 624 3490 et
655 3426 701 3510 (6)
734 3433 765 3489 et
797 3425 1053 3489 additamentum
1085 3424 1135 3506 (5)
1169 3426 1264 3488 initio
1299 3422 1372 3488 aliie
1407 3423 1563 3489 debentur

365 3533 548 3617 magistris,
573 3533 678 3616 posita
699 3533 731 3594 in
758 3532 903 3615 margine
924 3528 1060 3595 alieuius
1079 3531 1176 3594 fontis
1197 3528 1435 3615 Oompilatoris.
1460 3528 1562 3596 Stilus

365 3637 415 3703 IP
439 3636 586 3702 sordidus
610 3643 642 3701 et
666 3637 820 3702 obscurus
843 3637 962 3722 ubique
986 3639 1136 3701 cernitur.

409 3849 480 3914 12.
494 3849 548 3914 91.
582 3849 630 3915 Ob
652 3851 730 3915 haec
754 3850 838 3915 faeta
862 3850 916 3914 abs
941 3853 971 3914 te
995 3871 1124 3934 spernor

410 3957 459 4041 (1)
484 3956 546 4022 Hie
569 3957 689 4042 duplex
713 3959 931 4042 pronuntiatio
955 3962 1019 4021 ost:
1045 3954 1097 4021 rel
1121 3977 1178 4040 per
1199 3957 1485 4041 interrogationem
1504 3955 1555 4022 vel

364 4081 421 4147 ρον
438 4063 630 4128 invidiosam
649 4063 942 4150 exprobrationem
966 4100 1008 4110 -
1028 4062 1077 4147 (2)
1099 4068 1130 4126 et
1151 4060 1267 4126 melius
1280 4058 1370 4126 velut
1381 4060 1554 4126 indicativo

364 4168 458 4234 modo
483 4190 580 4255 quam
600 4172 833 4257 interrogativo
854 4169 1027 4255 profertur:
1048 4169 1107 4233 hoo
1127 4169 1213 4233 enim
1233 4175 1281 4233 est
1301 4167 1405 4234 multo
1424 4171 1556 4254 gravius

418 4429 443 4490 l)
468 4427 595 4478 ludicatiri
618 4428 643 4476 in
661 4427 785 4492 rogatione
802 4427 918 4492 pendente
939 4423 1074 4490 ‚imputat'
1092 4428 1116 4473 et
1136 4440 1207 4474 ‚nens
1222 4422 1274 4474 eat¹'
1292 4425 1398 4490 (88(4))
1417 4439 1507 4474 morem
1526 4440 1560 4473 re·

365 4508 447 4558 larunt
466 4508 513 4558 ll’.
