3418 5392
336 361 380 428 to
857 375 1013 425 nonanus.

381 541 622 627 comparandus
644 547 693 606 est
711 540 801 606 locus
820 541 881 606 Ad.
901 541 948 606 Ill
968 540 999 606 3.
1013 540 1057 606 43
1077 542 1166 618 „Aut
1185 563 1248 607 non
1267 561 1322 606 sex
1343 543 1423 606 totis
1444 563 1536 607 men-

335 650 424 714 sibus
447 651 537 733 prius
559 647 756 726 olfecissem,
779 669 877 733 quam
900 647 956 713 ille
975 651 1146 734 quicquam
1166 645 1357 733 coeperetl''
1383 646 1450 712 Ubi
1474 647 1538 714 Do-

336 761 444 822 natus:
469 754 518 834 (2)
541 753 612 820 Hoc
631 763 678 818 est
698 757 901 840 integris,
922 762 959 818 ut
979 776 1017 819 oe
1038 775 1141 819 unnm
1161 753 1290 839 quidem
1311 754 1399 819 diem
1420 756 1533 820 minus

336 883 429 927 esox
449 861 612 926 mensibus
631 863 727 938 sciet,
748 861 826 944 quid
845 869 1017 946 coepturus
1036 863 1079 924 sit
1101 859 1204 925 filine:
1229 862 1328 924 nimie
1351 862 1476 925 comice
1499 865 1534 924 et

336 966 467 1035 moralis
488 969 690 1032 asseveratio.

381 1073 462 1138 Ecce
492 1072 624 1137 Aeliano
647 1071 763 1138 scholii
786 1073 1003 1140 conscribendi
1025 1075 1125 1150 retio,
1148 1071 1279 1159 elegans
1303 1079 1336 1138 ct
1359 1075 1531 1158 perspicue

335 1181 445 1264 reique
474 1181 630 1264 apposita.
698 1178 849 1244 Pallescit
878 1183 971 1244 iuxta
992 1200 1068 1244 eum
1091 1181 1242 1265 magistri
1262 1178 1361 1265 longe
1385 1181 1533 1263 quaesite

335 1287 492 1371 sapientie
514 1285 554 1350 sd
577 1290 722 1350 nostrum
741 1284 865 1363 locum,
886 1288 978 1371 quasi
995 1284 1078 1350 illud
1099 1284 1227 1362 „totos”
1252 1287 1427 1370 quicquum
1447 1305 1534 1350 com-

335 1412 433 1457 mune
456 1391 571 1456 habeat
594 1411 670 1454 cum
694 1391 903 1455 Parmenonis
921 1393 1054 1456 servitio
1069 1390 1155 1476 apud
1173 1397 1362 1456 amatorem.
1423 1389 1457 1454 S.
1482 1411 1508 1454 c.

269 1575 272 1583 .
380 1496 461 1562 lbid.
487 1496 530 1560 54
553 1496 616 1576 Qui
639 1498 721 1560 milri
745 1517 830 1561 nunc
853 1518 917 1562 uno
940 1496 1081 1582 digitulo
1104 1497 1187 1562 fores
1210 1498 1314 1583 aperis
1337 1496 1532 1574 fortunatus,

550 1603 599 1668 Ne
622 1609 660 1668 tu
682 1605 760 1668 istae
783 1603 856 1667 faxo
879 1603 1019 1668 calcibus
1042 1625 1136 1689 saepe
1158 1601 1330 1668 insultabis
1353 1602 1474 1667 frustra

381 1710 430 1790 (l)
460 1709 554 1776 Nove
583 1707 704 1774 locutio
736 1730 784 1785 „c
815 1712 877 1774 ins.
905 1709 949 1774 f.”
978 1708 1152 1774 Sallustius
1180 1707 1323 1787 „multos
1351 1715 1461 1772 temen
1490 1707 1528 1772 ab

335 1816 550 1883 adulescentie
574 1815 670 1880 bonos
700 1813 893 1880 insultavit’'
911 1815 943 1893 ¹).
1002 1814 1055 1880 Sic
1087 1814 1178 1892 Don.,
1201 1814 1252 1879 ΙΡ
1275 1814 1337 1879 hoc
1359 1811 1531 1898 ampliavit

335 1926 370 1990 iu
392 1922 457 2002 (3);
491 1921 578 1988 Mire
599 1919 780 2006 loquentia,
803 1924 836 1985 in
860 1942 924 2006 que
944 1928 1082 2006 utreque
1107 1922 1262 1997 ὑπερβολή
1287 1921 1531 2004 expressissime

335 2036 400 2108 est;
425 2049 500 2094 nem
524 2047 626 2112 neque
651 2047 737 2104 „nno
760 2026 922 2112 digitulo'’
943 2030 1051 2092 minus
1070 2025 1193 2112 eliquid
1213 2025 1278 2091 dici
1296 2030 1404 2110 potest
1427 2045 1531 2110 neque

338 2156 386 2214 „c
411 2156 436 2200 e.
459 2133 543 2200 ine.”
568 2139 625 2198 sut
647 2131 788 2218 emplius
812 2140 869 2198 aut
891 2135 1069 2218 ingentius.
1399 2129 1433 2196 S.
1458 2152 1484 2196 c.

381 2239 462 2305 Ibid.
488 2238 530 2305 57
562 2239 648 2303 Mire
670 2260 746 2304 roro
768 2238 869 2303 militi
893 2260 973 2324 quae
996 2238 1141 2324 placeant

382 2347 462 2412 Don.
494 2346 543 2428 (2)
576 2345 704 2423 „Mire”
736 2367 795 2431 pro
818 2349 958 2426 mirum,
985 2345 1078 2432 Verg.
1103 2345 1131 2427 (Ι
1156 2344 1235 2426 669)
1260 2350 1355 2423 „nota
1378 2345 1473 2421 tibi’',
1497 2350 1529 2409 et

336 2459 385 2520 eet
407 2455 527 2530 ironia,
551 2459 627 2518 cett.
665 2451 715 2516 lP
738 2451 787 2533 (3)
810 2452 922 2518 Potest
945 2458 1053 2518 tamen
1076 2457 1109 2517 et
1131 2451 1300 2538 pluraliter
1321 2449 1483 2538 intellegi.

336 2559 407 2628 Hoc
430 2559 561 2644 quidem
583 2558 622 2624 D.
647 2579 709 2623 non
732 2561 876 2646 negavit.
1399 2556 1433 2622 S.
1458 2578 1486 2621 c.

380 2801 412 2867 Il
437 2801 499 2867 3.1
526 2800 574 2882 (3)
599 2800 751 2879 „Occidi”
776 2801 895 2886 produc
919 2800 1060 2866 medinm
1083 2800 1242 2888 syllabam
1266 2802 1364 2866 huius
1383 2802 1475 2867 verbi
1495 2806 1526 2866 et

337 2910 531 2974 contrarium
563 2907 733 2993 significet.
825 2907 998 2973 Adnotetio
1029 2906 1220 2972 scholastice
1251 2906 1417 2972 eDoneto
1443 2908 1532 2972 ebiu·

337 3014 479 3079 dicende.
503 3013 618 3080 Sebb.
644 3016 843 3099 compererit
865 3014 963 3079 Probi
986 3012 1195 3098 appendicem
1217 3012 1260 3078 lV
1283 3034 1315 3098 p.
1339 3011 1416 3078 203.
1431 3011 1486 3078 33.

383 3120 463 3186 Ibid.
488 3119 509 3184 8
540 3119 603 3185 Hic
626 3141 701 3185 vero
725 3127 773 3185 est
796 3123 852 3206 qui
875 3123 903 3184 ei
926 3121 1083 3204 occeperit

382 3228 430 3308 (1)
462 3227 581 3292 Utrum
612 3247 708 3292 senex
738 3247 778 3292 on
810 3223 969 3293 Oheereel
994 3225 1047 3291 sed
1071 3246 1167 3290 senex
1190 3228 1308 3310 potins.
1345 3223 1393 3306 (2)
1417 3223 1529 3290 Senex.

337 3334 385 3414 (3)
409 3332 558 3400 Oheeree.
629 3334 741 3398 Omnis
773 3332 931 3397 dubitatio
962 3329 1092 3397 excluse
1122 3336 1188 3410 est,
1212 3333 1289 3416 quin
1313 3333 1355 3395 sit
1380 3329 1529 3398 Chaerea.

337 3440 453 3506 Sebb.
490 3438 614 3504 Donato
647 3445 755 3504 temen
786 3437 874 3504 dedit
904 3439 963 3518 (l),
995 3440 1050 3503 rix
1079 3443 1180 3514 recte3
1213 3435 1337 3522 reliqua
1367 3435 1528 3502 inclinetis

336 3545 455 3611 litteris
478 3544 588 3610 edidit.

382 3650 463 3715 Ibid.
490 3649 532 3714 10
575 3649 692 3714 Preeut
715 3650 813 3715 huius
835 3651 939 3715 rebiee
962 3670 1043 3735 quae
1066 3648 1155 3715 debit

383 3756 432 3836 (4)
462 3754 526 3819 Hic
556 3775 595 3819 ex
625 3762 714 3840 perte
737 3756 990 3836 gxpaareprcpdc
1014 3754 1091 3835 (vid.
1114 3776 1146 3820 v.
1170 3754 1208 3836 l.)
1233 3753 1364 3839 quidem
1388 3760 1438 3820 eet
1462 3777 1528 3842 per-

337 3882 430 3927 sonae
449 3859 623 3938 Chaereae,
644 3880 741 3945 qoem
761 3862 904 3926 moribus
923 3862 1039 3927 conicit
1058 3881 1169 3927 servus
1188 3860 1402 3926 ardentiorem
1419 3882 1525 3927 amore

373 4168 398 4232 l)
425 4168 498 4216 Hunc
522 4164 681 4216 Sallusti
706 4164 785 4216 locutu
812 4167 932 4216 Donatum
955 4165 1002 4214 iam
1023 4164 1159 4230 cognovisse
1183 4167 1310 4230 antequem
1334 4165 1370 4214 ad'
1386 4164 1524 4216 Terentium

337 4265 422 4300 menes
444 4249 568 4298 adhiberet
590 4251 690 4314 apparet
712 4263 739 4297 ex
762 4248 866 4298 eiusdem
883 4247 997 4298 citatione
1013 4248 1075 4312 epod
1092 4250 1158 4297 Serv.
1175 4247 1205 4296 ad
1225 4249 1282 4296 Aen.
1300 4246 1335 4296 IX
1354 4248 1412 4307 cal,
1429 4247 1451 4297 Χ
1469 4249 1525 4306 663,

336 4332 400 4396 quod
426 4346 510 4381 moneo
533 4334 631 4395 propter
655 4346 683 4379 ee
707 4345 767 4394 qnae
792 4331 995 4379 Wesenerns
1017 4329 1151 4394 suspicatur
1174 4330 1203 4378 de
1225 4333 1335 4394 Aspre
1353 4328 1443 4378 Donati
1461 4329 1524 4379 sonte

336 4413 409 4463 etiem
424 4413 450 4462 in
467 4411 547 4462 citatis
563 4411 716 4462 Sallustienis
731 4412 812 4478 (dem.
831 4415 913 4478 Asper,
931 4411 970 4461 ein
989 4411 1088 4476 Beitreg
1105 4427 1124 4461 r.
1143 4415 1204 4461 riom.
1214 4411 1261 4461 litt.
1277 4411 1354 4476 gorch.
1372 4411 1445 4460 Helle
1461 4412 1522 4462 1605

337 4511 360 4561 p.
379 4497 411 4544 39
428 4492 506 4557 olibi).
