3418 5392
369 359 412 432 70
888 375 1043 426 nonanus.

375 543 551 633 magistelli
575 550 649 610 nota
671 542 874 630 marginalis:
898 543 946 625 (2)
969 542 1268 609 Demonstrativum
1292 547 1324 609 et
1346 548 1443 630 gestu
1467 543 1570 630 expli-

370 651 518 718 candum.

415 758 464 823 IP
499 757 616 823 Donati
646 755 806 821 scholium
837 757 883 821 sie
909 757 1054 822 variavit
1079 761 1111 821 et
1134 757 1244 822 auxit:
1270 756 1318 837 (3)
1343 755 1448 837 Quam
1473 759 1572 843 parti·

369 864 521 942 culatim,
551 886 626 929 cum
651 884 713 949 qua
736 862 907 949 diligentia
931 868 963 928 et
991 861 1146 934 δεικτικῶς
1170 863 1262 928 iubet
1286 865 1378 949 quasi
1393 863 1416 944 ¹)
1440 866 1569 930 novicio
1700 881 1701 930 ξ

370 978 402 1037 et
423 967 591 1057 imperito!

414 1076 494 1143 Ibid.
521 1073 563 1139 53
599 1075 668 1161 Ego
691 1072 780 1138 limis
803 1080 910 1158 specto
933 1075 979 1139 sic
1002 1095 1059 1160 per
1081 1073 1245 1140 flabellum
1270 1073 1453 1141 clanculum
1492 1092 1494 1096 ·

414 1182 462 1264 (2)
497 1179 644 1259 „bimis”
677 1182 705 1245 si
736 1181 954 1246 nominativus
986 1185 1034 1245 est
1066 1179 1258 1268 singularis,
1290 1187 1566 1247 transversus

369 1287 545 1376 significat,
569 1289 597 1350 si
619 1287 777 1372 septimus
800 1283 954 1371 pluralis,
976 1285 1068 1351 deest
1094 1285 1251 1363 ,„oculis”.
1326 1286 1374 1368 (3)
1397 1287 1482 1352 Nam
1509 1286 1569 1364 „li-

368 1394 451 1460 mis”
476 1399 524 1459 est
547 1399 762 1470 transversus,
787 1390 871 1456 unde
895 1391 1024 1456 limen
1049 1412 1175 1477 quoque
1199 1391 1329 1471 dicitur,
1354 1392 1441 1477 quod
1460 1394 1569 1480 ingre·
1625 1433 1626 1439 κ

369 1501 530 1567 dientibus
549 1499 802 1583 exeuntibusque
822 1503 1042 1562 transversum
1063 1503 1127 1573 est;
1149 1519 1224 1563 cum
1242 1497 1569 1585 igiturdissimulant

369 1629 402 1672 se
425 1605 572 1670 homines
594 1603 704 1671 videre
728 1601 812 1689 quod
836 1602 949 1668 vident
967 1615 999 1668 et
1019 1623 1082 1668 non
1102 1608 1188 1668 recte
1207 1603 1287 1668 facie
1307 1602 1361 1668 sed
1381 1608 1568 1670 transversa

368 1715 545 1788 intuentur,
576 1709 700 1775 limes
725 1709 876 1774 dicuntur
899 1711 1049 1795 aspicere.
1122 1709 1170 1791 (4)
1195 1707 1278 1776 Gum
1302 1709 1396 1775 limi
1417 1709 1570 1776 dieantur
1701 1673 1702 1732 Ξ

369 1819 491 1905 obliqui
514 1816 718 1905 generaliter,
742 1821 802 1882 hoc
826 1822 931 1881 tamen
956 1818 1081 1901 proprie
1105 1816 1143 1881 de
1167 1815 1268 1882 oculis
1293 1816 1421 1882 dicitur.

415 1924 574 2009 Compara
605 1944 680 1989 cum
711 1922 762 1988 his
792 1921 924 1987 Festum
955 1944 986 2008 p.
1013 1921 1096 1988 116:
1121 1922 1242 1988 limis
1266 1922 1434 2008 obliquus,
1458 1924 1567 1989 idest

371 2036 587 2106 transversus,
611 2028 695 2093 unde
719 2034 751 2093 et
769 2026 893 2092 limina.
963 2026 1075 2094 Isidor.
1100 2028 1154 2094 Or.
1179 2026 1239 2092 XV
1261 2027 1347 2093 14.2
1371 2028 1567 2094 'transuersa

372 2137 479 2202 omnia
502 2136 627 2220 antiqui
650 2132 752 2198 lima
775 2133 939 2211 dicebant,
962 2154 981 2199 a
1004 2154 1068 2218 quo
1091 2138 1123 2199 et
1145 2133 1261 2200 limina
1279 2136 1437 2199 ostiorum
1534 2141 1567 2200 et

371 2242 510 2317 limites,
531 2245 606 2306 cett.
683 2237 789 2305 Gloss.
811 2237 940 2309 viaet
960 2236 1080 2304 limis
1099 2238 1187 2316 Λὸξος
1288 2239 1401 2306 Strabo
1424 2239 1567 2325 obliquis

370 2347 436 2429 (vel
456 2345 617 2432 obliquus)
637 2343 747 2411 oculis.
817 2344 1043 2431 Eugrapbius:
1063 2344 1202 2425 Quidam
1221 2344 1411 2433 intelligunt
1434 2345 1566 2424 „limis”

371 2453 527 2539 obliquis,
552 2451 637 2538 quod
659 2450 777 2528 limen„
802 2473 876 2516 cum
897 2449 1118 2528 ambulamus,
1138 2453 1249 2516 itineri
1267 2458 1375 2517 nostro
1395 2451 1567 2538 obliquum

370 2566 435 2638 est;
462 2558 519 2625 alii
541 2556 732 2644 intelligunt
752 2556 861 2634 „limis
881 2554 1015 2635 oculis”,
1036 2555 1208 2643 paululum
1229 2559 1340 2635 tortis;
1362 2557 1418 2623 alii
1431 2558 1566 2636 „limis”

370 2667 547 2732 coniunctis
578 2663 618 2729 ad
648 2663 829 2741 flabellum,
860 2668 898 2728 ut
930 2662 1066 2727 Plautus
1089 2662 1171 2726 dixit
1197 2663 1405 2748 „Numquam
1430 2686 1506 2730 cum
1530 2687 1567 2731 ea

369 2772 486 2837 limavi
513 2769 630 2856 caput”
661 2769 695 2834 id
729 2774 777 2834 est
808 2770 967 2834 coniunxi.
1021 2767 1112 2833 Serv.
1146 2768 1185 2833 ad
1208 2769 1287 2834 Aen.
1312 2767 1376 2833 XII
1400 2768 1466 2834 120
1490 2791 1566 2836 nam

370 2878 516 2943 limum
546 2874 712 2961 obliquum
744 2874 900 2953 dicimus,
932 2874 1015 2939 uude
1047 2880 1079 2939 et
1109 2873 1278 2940 Terentius
1303 2875 1412 2952 „limis
1441 2876 1564 2942 oculis”

370 2983 465 3062 dicit,
490 2982 595 3047 idest
618 2980 767 3067 obliquis.

414 3087 580 3155 Scholium
602 3088 660 3170 (2),
685 3089 752 3152 sine
776 3086 933 3152 decisione
954 3087 987 3152 in
1011 3107 1045 3151 re
1067 3090 1136 3151 tam
1157 3089 1306 3173 ancipiti,
1328 3086 1454 3155 Donato
1474 3090 1565 3156 dede·

370 3197 449 3274 rim,
480 3216 537 3260 nec
567 3215 631 3259 non
663 3193 710 3276 (3)
740 3215 798 3279 per
829 3192 947 3268 „nam”
979 3194 1077 3278 priori
1101 3199 1185 3259 recte
1215 3195 1374 3259 iunctum.
1405 3193 1492 3261 Tum
1516 3198 1562 3280 (4)

370 3301 453 3368 alins
476 3306 540 3378 est,
564 3301 698 3366 fortasse
721 3299 872 3365 Editoris.

415 3406 496 3473 Ibid.
523 3405 565 3471 56
601 3403 651 3470 An
682 3426 741 3492 ego
772 3407 969 3470 occasionem
999 3403 1082 3470 mihi
1113 3410 1287 3481 ostentam,
1320 3410 1463 3486 tantam„
1495 3412 1561 3473 tam

371 3520 531 3600 optatam,
556 3517 624 3577 tam
646 3512 841 3597 insperatam
865 3508 1070 3576 amitterem?

415 3619 465 3684 IP
490 3619 537 3699 (4)
561 3616 641 3683 Vide
664 3621 782 3702 quanta
806 3616 939 3682 dixerit:
965 3639 1027 3682 non
1052 3615 1299 3702 „uoluptatem”
1324 3618 1381 3698 (sio
1404 3617 1485 3705 leg.)
1508 3619 1562 3685 sed

372 3723 625 3802 „occasionem”,
655 3744 717 3788 non
750 3722 960 3800 „adversam”
990 3723 1045 3788 sed
1076 3723 1324 3802 ,„oetentatam’',
1349 3746 1410 3790 non
1438 3725 1560 3802 „hanc”

370 3831 425 3896 sed
449 3827 627 3908 „tantam”,
652 3849 714 3893 non
739 3829 951 3914 „angustam”
977 3829 1030 3894 sed
1055 3827 1241 3907 „brevem”,
1258 3851 1321 3894 non
1343 3831 1561 3916 „appetitam”

370 3936 425 4001 sed
451 3933 689 4019 „exoptatam”,
719 3955 783 3999 non
807 3934 1050 4019 „repentinam”
1075 3933 1130 4000 sed
1155 3934 1411 4020 „insperatam”l
1482 3937 1559 4004 Don.

371 4042 417 4107 nil
440 4044 501 4106 nisi
525 4040 599 4107 hoc:
621 4039 669 4121 (b)
690 4041 769 4106 bene
791 4041 1044 4127 „insperatam”:
1065 4040 1154 4106 aliud
1173 4043 1259 4106 enim
1280 4042 1342 4107 sibi
1361 4046 1558 4128 promiserat,

370 4154 407 4213 ut
427 4167 523 4232 supra
543 4146 684 4212 diximus
703 4152 763 4228 (rs.
778 4145 844 4229 36),
864 4168 927 4213 non
946 4145 1031 4233 quod
1050 4149 1176 4233 pictura
1193 4149 1377 4234 occasioque
1392 4151 1557 4235 persuasit.

406 4410 432 4474 1)
455 4409 509 4457 Hac
531 4405 649 4472 particula
673 4405 836 4472 lnterpolator
858 4405 883 4454 in
906 4404 1068 4470 superioribus
1089 4404 1187 4455 scholiis
1204 4405 1289 4476 uthis
1306 4405 1437 4458 identidem
1455 4423 1509 4459 usna
1524 4410 1557 4457 act

369 4507 436 4546 mora
452 4490 549 4541 Tacitae
564 4505 610 4554 pro
631 4488 771 4554 quippe,
790 4491 814 4538 et
828 4489 966 4553 ceteroquin
983 4488 1114 4538 delectatur
1131 4487 1175 4539 bac
1193 4488 1284 4540 voenla.
