3418 5392
672 393 828 444 marrus.
1299 376 1345 443 93

153 586 225 651 ergo
243 563 304 629 hio'
315 562 469 628 laudatur
488 561 657 628 eonsilium
677 561 903 638 Parmenonis,
921 561 1043 626 factum
1060 559 1232 641 Chaereae,
1253 582 1345 627 ossus

154 672 296 736 fortunae
322 706 364 719 -
388 669 425 731 id
447 673 499 746 eat,
519 667 641 731 'oreatus
661 666 725 747 (W.
746 673 787 746 θ.)
809 703 851 714 -
872 668 972 732 oratio
994 668 1087 731 sanis.
1179 666 1229 731 Ita
1252 667 1345 744 Don,

156 776 236 863 quod
259 776 320 841 ud.
343 779 389 840 sio
414 773 639 859 amplificavit:
664 773 712 854 (2)
736 772 811 837 Tria
835 777 910 837 sunt
931 775 965 836 in
985 775 1051 837 vita
1072 773 1256 838 hominum:
1277 795 1346 838 oon·

155 883 242 960 silia,
272 883 375 960 faeta,
408 901 581 946 suooessus.
611 878 792 946 Consilium
826 880 924 944 animi
953 884 1019 956 est,
1042 879 1163 944 faotum
1188 882 1346 965 eorporis,

156 1008 316 1054 successus
347 987 504 1052 fortunae.
599 985 679 1050 Eoos
709 981 936 1071 philosophus!
983 984 1136 1049 Eiusdem
1168 1007 1235 1050 esse
1267 989 1346 1071 puto

158 1093 276 1175 18(2);
307 1092 350 1157 ut
381 1092 607 1158 festivitas
637 1093 671 1155 in
698 1090 792 1155 dietis
816 1096 882 1166 est,
907 1088 1104 1156 facilitas
1126 1094 1159 1155 in
1185 1093 1291 1156 animo
1315 1096 1348 1156 et

156 1201 263 1278 factio,
289 1220 429 1285 quocum
453 1218 603 1283 compara
627 1197 708 1262 Don.
732 1195 852 1262 ibidem
876 1196 925 1277 (1)
941 1203 980 1260 et
1003 1195 1061 1277 (3).
1346 1198 1348 1201 ’

199 1305 280 1371 Ibid.
306 1305 350 1370 20
386 1303 429 1369 Di
453 1311 595 1370 vostram
619 1303 731 1382 fidem,
754 1301 955 1368 incredibilia
977 1302 1135 1368 Parmeno
1154 1302 1249 1369 modo
1269 1323 1349 1388 quae

156 1409 314 1478 narravit!
863 1413 866 1416 ’

199 1519 281 1584 Don.
311 1517 361 1602 (1)
393 1517 523 1582 Nimius
554 1515 684 1582 effeetus
707 1516 741 1580 in
765 1519 1084 1601 utramquepartem
1108 1514 1191 1595 (soil.
1215 1518 1349 1581 tristitia

157 1631 188 1691 et
214 1624 375 1711 gaudium
406 1625 559 1702 nimium)
582 1621 724 1687 defectus
748 1623 899 1687 orationis
922 1626 1020 1687 amat.
1113 1621 1161 1689 cf.
1185 1622 1200 1687 I
1226 1622 1349 1702 2Ο(2);

157 1729 238 1797 Nam
280 1735 369 1796 amat
414 1731 641 1804 ἀποσιωπήσεις
675 1730 776 1794 nimia
811 1727 1007 1815 indignatio,
1044 1766 1087 1776 —-
1121 1730 1231 1815 ibique
1266 1729 1350 1814 App.

160 1838 279 1903 Wessn.
351 1836 617 1901 Additamentum
641 1840 706 1900 est:
731 1833 779 1916 (2)
802 1833 888 1921 Ergo
913 1832 1052 1912 ἔλλειψις
1072 1839 1136 1912 est,
1156 1834 1244 1900 deest
1265 1837 1352 1899 onim

161 1941 333 2030 „gaudia''.
425 1941 496 2007 Hoo
514 1942 656 2027 profecto
680 1940 787 2005 deesse
810 1939 954 2005 Donatus
978 1962 1040 2005 non
1065 1939 1222 2005 adnuerit.

202 2049 284 2115 Ibid.
306 2047 350 2113 23
374 2047 459 2113 Thr.
476 2048 579 2124 Perii,
596 2049 840 2132 quantominus
857 2048 1003 2134 speiest,
1024 2051 1113 2111 tanto
1133 2049 1239 2132 magis
1257 2066 1330 2111 amo

203 2155 285 2221 Don.
307 2154 356 2235 (1)
377 2153 441 2219 Hie
461 2174 535 2221 vero
555 2160 603 2218 est
622 2153 715 2218 ardor
733 2153 958 2218 insanissimus
968 2200 976 2231 ,
997 2157 1035 2216 ut
1054 2149 1234 2239 Vergihns:¹
1257 2151 1353 2230 „For-

159 2281 288 2327 mosum
317 2264 428 2345 pastor
459 2257 608 2345 Corydon
636 2259 768 2324 ardebat
798 2257 931 2331 Alexin.
964 2256 1093 2324 delicias
1122 2258 1262 2336 domini,
1296 2279 1354 2323 neo

160 2366 243 2452 quod
265 2371 409 2452 speraret
431 2364 588 2430 babebat''
613 2359 693 2444 (hcl.
719 2362 751 2427 II
777 2363 820 2444 1).
878 2363 948 2429 Hoe
970 2365 1115 2450 graviter
1138 2366 1182 2429 sie
1205 2365 1355 2449 ¹probavit

159 2471 395 2558 Philosophus:
428 2469 476 2553 (3)
498 2470 542 2534 Et
564 2469 704 2556 profecto
728 2472 773 2534 sio
797 2474 861 2535 est:
891 2471 1049 2556 sapientes
1072 2491 1128 2556 spe
1150 2469 1291 2536 maxime
1314 2468 1354 2534 ad

159 2599 302 2644 amorem
326 2581 497 2664 eoguntur,
520 2575 614 2641 stulti
635 2577 739 2642 forma
761 2581 899 2640 tantum.
992 2575 1085 2640 Nihil
1107 2575 1147 2641 ad
1171 2598 1249 2642 rem.

161 2719 168 2723 -
202 2683 286 2748 Ibid.
311 2681 355 2749 27
391 2681 535 2764 Quodvis
557 2681 676 2748 donum
696 2684 876 2768 praemium
896 2702 915 2746 a
933 2703 985 2748 me
1004 2679 1131 2768 optato:
1151 2682 1185 2747 id
1205 2687 1354 2769 optatum

160 2790 284 2856 auferes
1352 2805 1353 2808 ’

203 2900 254 2978 (l)
288 2894 440 2975 „Donum
470 2896 670 2981 praemium”
705 2902 753 2960 est
783 2916 902 2960 munus
933 2898 1125 2982 praemium.
1218 2895 1268 2976 (2)
1292 2893 1354 2959 Sed

159 3003 312 3068 donum
336 3003 567 3086 praemium
591 3001 639 3066 dis
664 3000 768 3078 datur,
792 3022 940 3067 munus
965 3003 1195 3086 preamium
1219 3001 1355 3066 homini-

157 3110 233 3187 bus;
260 3129 337 3173 nam
358 3110 529 3194 separatim
550 3107 696 3173 donum
718 3107 850 3173 deorum
870 3113 936 3184 est,
956 3109 1189 3192 praemium
1212 3109 1354 3171 virorum

157 3220 207 3280 est
238 3215 394 3290 fortium,
426 3233 573 3278 munus
605 3215 785 3279 hominum.
866 3213 916 3293 (3)
947 3213 989 3279 Et
1021 3214 1169 3278 donum
1193 3232 1356 3277 munus-

158 3319 219 3407 que¹
252 3326 322 3386 tam
353 3325 427 3386 ante
456 3320 578 3385 fastum
612 3313 708 3405 quam
740 3325 812 3404 post
843 3320 965 3384 fastum
995 3320 1099 3398 datur,
1123 3320 1355 3406 praemium

158 3448 221 3492 non
253 3428 318 3491 nisi
345 3430 418 3510 post
440 3424 572 3492 fastum.
665 3425 713 3505 (4)
737 3424 892 3489 Donum
916 3424 1137 3491 voluntarium
1161 3429 1223 3502 est,
1249 3444 1358 3509 prae·

158 3536 287 3597 mium
313 3531 456 3596 debetur.
549 3529 598 3612 (5)
620 3530 687 3596 Alii
711 3552 787 3597 vero
812 3531 983 3604 ἀσυνδέτως
1006 3534 1229 3618 pronuntiant:
1251 3531 1356 3615 primo

161 3637 327 3717 „donum”
353 3644 385 3702 et
409 3640 453 3702 sio
478 3638 702 3723 „praemium”
727 3640 819 3722 quasi
842 3659 941 3702 unam
964 3645 1089 3724 partem
1113 3639 1276 3703 orationis.
1324 3668 1325 3672 ¹

159 3745 208 3826 (6)
241 3743 416 3822 „Donum”
447 3746 547 3829 petito
580 3751 616 3809 ut
648 3765 666 3808 a
695 3742 788 3830 largo
819 3744 966 3821 homine,
993 3744 1215 3830 „praemium”
1239 3749 1277 3807 ut
1302 3757 1358 3828 pro

159 3850 246 3916 claro
277 3851 428 3914 facinore.
520 3847 567 3929 (7)
601 3848 773 3928 „Donum”
807 3855 935 3935 optato,
959 3851 998 3915 ob
1022 3851 1107 3935 quod
1132 3851 1356 3936 „praemium”

159 3959 309 4041 aooipias.
402 3953 451 4036 (8)
482 3954 601 4020 'Potum
632 3951 827 4033 militariter,
861 3976 937 4020 nam
968 3963 1001 4022 et
1032 3959 1146 4042 optio
1177 3956 1295 4020 dieitur
1326 3961 1358 4020 et

161 4063 303 4147 optari
339 4081 357 4126 a
392 4060 569 4139 militibus,
609 4068 646 4127 ut
683 4064 755 4140 „vir
788 4061 879 4127 fortis
914 4069 1002 4147 optet
1033 4061 1117 4148 quod
1151 4060 1237 4126 volet
1268 4081 1358 4144 prae·

161 4167 302 4232 mium.’'

206 4273 499 4360 Eugraphius:
531 4272 616 4339 Novi
648 4278 709 4356 te,¹
727 4275 754 4338 si
785 4274 845 4338 hoo
876 4273 1030 4353 effeceris,
1055 4273 1213 4357 quodvis
1238 4271 1358 4337 donum

163 4383 306 4464 praemio
327 4378 458 4444 donasse
481 4376 531 4458 (i),
557 4380 635 4457 hoo,
659 4381 809 4464 inquam,
834 4402 852 4444 a
875 4401 927 4446 me
949 4385 1089 4465 poscito:
1115 4379 1148 4445 id
1167 4400 1248 4445 oum
1272 4387 1360 4464 opta*

162 4488 247 4551 veris
277 4487 424 4572 aooipiss.
454 4485 559 4569 Atque
583 4485 668 4563 ultra
691 4488 808 4551 merita
832 4492 908 4550 sunt
932 4485 1052 4564 dona,
1077 4490 1258 4573 praemium
1281 4508 1357 4553 vero
