3418 5392
649 367 815 424 nonanus.
1287 351 1332 418 53

184 531 298 620 (1)-Ἠ)
319 533 428 606 omnia
447 533 591 606 ostendat
608 543 641 605 in
664 543 856 606 contrarium
877 539 939 604 sibi
958 559 1064 615 versa,
1085 540 1182 603 etiam
1202 559 1331 604 cursum

139 648 288 712 attribuit
315 650 398 712 cani.
490 640 538 728 (2)
570 647 702 713 Labra
727 655 802 711 sunt
825 648 1007 731 superiora,
1031 643 1142 710 labia
1165 645 1332 722 inferiora,

139 791 180 802 -
210 752 362 818 labeae
394 755 556 818 asinorum
588 755 716 839 proprie
748 753 898 817 dicuntur
921 772 981 830 -;
1016 752 1189 837 „gemens”
1221 756 1331 826 autem

139 859 177 924 ob
208 850 396 924 continuam
420 861 554 939 tussim,
578 861 623 924 sio
647 858 792 924 Lucilius
939 857 987 937 (3)
1013 856 1212 934 „Incurrus”
1237 856 1331 923 valde

138 985 272 1042 curvus,
298 970 336 1029 ut
360 963 524 1051 Vergilius
548 965 759 1043 „Turnus'ut
781 963 954 1030 infractos’'
979 962 1106 1043 (12.1),
1136 961 1330 1040 „infractos”

138 1072 223 1135 enim
254 1070 350 1135 valde
381 1070 495 1137 fractos
526 1065 703 1157 significat,
735 1091 810 1136 nam
841 1073 883 1135 in
906 1071 1100 1155 praepositio
1124 1090 1209 1135 nunc
1233 1073 1332 1155 auget

137 1197 219 1246 nunc
249 1177 373 1241 minuit
401 1176 572 1242 dictionem
588 1169 613 1258 1)’
716 1175 764 1258 (4)
795 1176 839 1241 llt
862 1183 946 1242 recte
970 1177 1070 1241 etiam
1094 1175 1331 1240 deformitatem

137 1281 287 1348 describit
321 1285 423 1360 senis,
457 1284 541 1369 quod
569 1274 697 1370 praeter
720 1288 858 1349 aetatem
882 1286 956 1367 post
977 1281 1144 1368 pulchram
1168 1283 1329 1367 virginem

137 1387 255 1453 foedior
278 1388 457 1454 ridebatur.
527 1389 575 1470 (5)
599 1389 642 1454 at
666 1409 762 1474 quam
787 1391 973 1474 importuna
996 1389 1120 1453 omnia:
1145 1409 1201 1474 pro
1221 1385 1331 1472 puella

137 1494 274 1572 „senex”
300 1497 453 1573 occurrit,
477 1517 536 1580 pro
557 1498 683 1582 virgine
709 1497 884 1574 „incurvus
904 1493 1094 1571 tremulus'',
1119 1515 1176 1579 pro
1196 1492 1331 1579 pulchra

137 1597 250 1676 „labiis
274 1598 422 1665 demissis
446 1601 617 1686 gemens’';
641 1607 673 1666 et
698 1622 774 1666 cum
797 1621 887 1667 annor
908 1603 1004 1665 sitin
1024 1603 1131 1666 animo
1151 1601 1331 1668 adulescen-

136 1706 195 1782 tis,
219 1706 289 1790 ipse
310 1704 471 1771 iudicium
493 1705 647 1793 loquitur,
672 1707 752 1772 dnm
777 1706 995 1772 festinandum
1018 1710 1078 1785 sit,
1103 1715 1293 1776 remoratur.

135 1809 183 1892 (6)
216 1810 347 1888 „laubiis
381 1811 549 1878 demissis’'
574 1816 696 1880 maiora
717 1812 826 1891 labra,
850 1812 935 1878 unde
957 1811 1157 1880 labeones
1166 1837 1175 1895 ;
1201 1815 1256 1882 alii
1278 1816 1329 1882 la·

135 1916 201 1981 bia
225 1916 337 1982 dicunt
360 1918 511 1984 inferiora
533 1927 566 1985 et
588 1919 708 1986 labra
732 1921 907 2005 superiora.

179 2021 296 2087 Sabb.
321 2029 448 2108 praeter
470 2024 629 2092 emblema
652 2027 686 2090 in
711 2024 769 2105 (2),
795 2045 813 2090 a
839 2024 1004 2091 Wessnaro
1025 2046 1150 2113 quoque
1169 2033 1328 2109 notatum,

133 2127 357 2214 interpolatori
388 2130 502 2195 tribuit
533 2134 632 2196 etiam
658 2131 706 2212 (1)
719 2131 767 2211 (4)
781 2131 828 2211 (5)
840 2129 899 2211 (6).
965 2131 1006 2196 Et
1029 2135 1171 2219 genuina
1194 2155 1261 2202 esse
1281 2137 1329 2218 (2)

132 2239 165 2299 st
194 2233 243 2314 (3)
274 2257 368 2300 nemo
392 2235 548 2302 affirmare
572 2237 742 2302 dubitabit.
766 2236 877 2322 Neque
901 2243 1011 2304 autem
1035 2241 1144 2324 spuria
1167 2262 1235 2306 esse
1258 2263 1328 2307 can-

132 2328 187 2406 seo
208 2340 257 2421 (1)
281 2347 314 2406 et
337 2340 397 2423 (4),
422 2362 502 2426 quae
525 2342 609 2408 nihil
632 2344 769 2422 habent,
796 2343 885 2428 quod
909 2342 1032 2410 Donato
1056 2347 1098 2410 sit
1120 2346 1303 2433 indignum.

178 2445 269 2526 Quod
300 2446 338 2510 de
368 2445 504 2512 labeis
536 2451 748 2513 asinorum
774 2448 892 2513 dicitur
914 2450 948 2512 in
971 2448 1019 2530 (2)
1044 2452 1098 2515 vix
1123 2473 1236 2517 verum
1261 2460 1325 2535 est;

133 2550 207 2616 ride
229 2549 333 2616 lurica
356 2557 387 2616 ot
410 2550 494 2618 Gell.
514 2553 545 2616 X
565 2554 596 2618 4.
610 2553 641 2620 4.
689 2553 726 2617 In
746 2551 795 2634 (5)
815 2553 966 2619 audimus
986 2554 1037 2619 ΙΡ
1057 2555 1125 2621 stili
1144 2557 1328 2627 Terentiani

132 2677 335 2741 praeconem,
352 2656 479 2742 qualem
496 2661 706 2745 cognovimus
727 2680 823 2744 supra
843 2659 881 2724 ad
901 2660 917 2725 I
938 2659 969 2726 2.
984 2659 1026 2727 87
1038 2661 1097 2741 (5),
1111 2661 1154 2728 88
1167 2663 1225 2745 (4),
1245 2687 1326 2752 gau·

131 2761 258 2829 dentem
280 2763 464 2841 antithetis,
485 2785 501 2830 e
522 2766 637 2850 quibus
658 2770 820 2851 postrema
839 2769 1027 2852 praesertim
1047 2773 1151 2846 (amor
1167 2772 1200 2834 in
1219 2774 1326 2839 animo

129 2867 289 2934 iudicium
308 2870 344 2932 in
364 2889 435 2947 ore,
455 2869 606 2936 festinare
625 2873 793 2951 remorari)
813 2872 952 2936 hominis
972 2872 1144 2938 artificium
1164 2874 1325 2944 denotant.

129 2974 166 3039 ln
198 2975 248 3056 (6)
279 2975 330 3040 IP
362 2975 541 3042 doctrinam
565 2976 656 3042 Verri
680 2977 786 3044 Flacci
800 2975 826 3059 ²)
857 2978 1013 3064 praetulit
1037 2979 1217 3058 „aliorum”
1241 2983 1327 3050 diffe-

130 3083 270 3160 rentiae,
294 3101 392 3166 quam
416 3080 496 3148 Don.
520 3083 690 3150 rettulerat
712 3086 746 3149 in
769 3083 829 3166 (2).

164 3343 189 3400 1)
208 3341 295 3391 Festus
313 3342 362 3390 114
378 3333 493 3406 Ingens
510 3341 599 3391 dicitur
616 3342 717 3406 augendi
734 3341 914 3401 consuetudins,
932 3345 958 3392 ut
973 3342 1111 3403 inclamare,
1127 3344 1245 3394 invocare.
1261 3345 1326 3410 Quia

130 3421 191 3472 enim
208 3439 268 3487 gens
283 3422 369 3489 populi
385 3429 421 3473 est
438 3423 587 3488 magnitudo,
603 3423 725 3488 ingentem
739 3441 782 3490 per
795 3423 991 3489 compositionem
1007 3425 1115 3485 dicimus,
1129 3427 1192 3490 quud
1206 3426 1325 3491 signinae

130 3505 197 3554 valde
219 3521 343 3570 maguum.
365 3506 402 3555 ct.
425 3507 491 3556 Serv.
515 3504 550 3556 l.l.
575 3506 615 3556 cit.
639 3507 665 3556 in
688 3509 750 3572 App.
771 3507 865 3556 Wassu.
889 3507 926 3555 ad
945 3507 1005 3557 Eun.
1024 3508 1044 3556 V
1064 3499 1192 3572 8.29,(1)Ι
1206 3509 1325 3574 repetitur

132 3587 213 3651 regula
230 3603 245 3636 a
262 3587 377 3652 magistro
394 3591 449 3653 post
465 3586 688 3653 interpretationem
706 3588 804 3637 Donati.
1131 3649 1136 3653 .

163 3669 191 3734 8)
216 3667 311 3719 Sabb.
328 3686 352 3735 p.
371 3669 420 3718 3⁵5
436 3668 520 3719 citarit
536 3669 629 3718 Charis.
647 3669 660 3718 1
680 3671 741 3720 1082
760 3669 859 3719 Verrius
876 3672 957 3720 autem
974 3669 1070 3719 Flaccus
1087 3669 1121 3719 sic
1139 3670 1256 3730 distinxit,
1274 3688 1324 3721 mo·

130 3751 182 3800 dics
196 3767 247 3801 esse
264 3750 379 3810 labra,
397 3750 493 3801 lebiu
510 3751 638 3800 immodica
652 3754 676 3801 et
691 3751 746 3800 iude
762 3750 925 3800 lebioues
942 3751 996 3801 dici.
1012 3751 1049 3800 Gi.
1064 3753 1226 3816 praeteruehi
1241 3754 1326 3802 Grem-

130 3833 272 3885 matieornm
298 3833 358 3892 loci,
384 3849 444 3898 quos
460 3833 543 3883 citarit
562 3834 654 3884 Wessa.
671 3834 696 3882 in
713 3835 783 3899 App,
802 3837 930 3897 Agroec.
948 3833 997 3883 VH
1015 3834 1076 3883 1162
1095 3833 1199 3883 Lubrum
1215 3835 1325 3899 superius

129 3915 226 3975 dicitur,
251 3913 342 3964 labium
368 3914 475 3964 interius.
500 3917 592 3964 Serv.
619 3914 668 3964 uel.
689 3914 719 3962 II
740 3915 785 3964 84:
811 3914 979 3964 Iuauissimem
995 3914 1092 3979 quidum
1109 3918 1229 3980 temptant
1245 3915 1325 3966 tacere

129 3995 305 4055 discretionem,
330 3999 358 4046 ut
384 3996 491 4046 virorum
516 3996 591 4056 labra,
617 3995 746 4045 mulierum
769 3995 832 4044 labie
855 3996 972 4045 dicuntur.
990 3995 1116 4045 lsidor.
1136 3994 1205 4059 Orig.
1223 3995 1258 4045 XI
1276 3997 1321 4047 uc:

129 4079 198 4142 Quod
216 4081 297 4127 eutem
315 4077 475 4142 superluceat
493 4076 582 4126 labium
599 4077 706 4135 dicimus,
724 4077 788 4142 quod
805 4076 914 4136 inferius,
930 4093 958 4126 eo
973 4077 1036 4142 qnod
1052 4076 1211 4140 grossiussit,
1222 4077 1323 4129 lubrum.

128 4160 176 4210 sur
194 4161 305 4210 urorum
322 4159 397 4218 ruore,
414 4147 544 4209 mariarum
561 4159 624 4209 rubra
643 4160 732 4210 arcane.
760 4159 835 4208 otoo.
855 4160 890 4208 1v
910 4159 1005 4218 esav
1024 4159 1080 4208 oea.

159 4240 238 4291 Sebol.
261 4240 342 4290 Remb.
361 4242 391 4291 ud
408 4241 432 4290 b.
449 4241 465 4290 l.
483 4241 529 4290 sic:
550 4241 669 4291 ‚habel
682 4240 750 4291 lum
768 4241 837 4306 pueri
856 4240 953 4300 hebent,
972 4244 998 4290 ut
1016 4239 1136 4304 Vergilius
1156 4242 1261 4291 „calamo
1280 4243 1325 4292 tri·

128 4323 187 4372 visse
210 4321 356 4382 labellum”;
382 4321 517 4372 labrum
539 4319 636 4372 iuvenes
657 4324 774 4372 ,necdum
792 4321 842 4371 illis
860 4322 928 4371 lubre
944 4320 1056 4371 admovi”
1075 4321 1117 4385 (ci.
1135 4322 1187 4372 uel.
1204 4323 1230 4372 11
1249 4325 1281 4374 34
1298 4329 1323 4375 et

127 4405 242 4469 Illas),
266 4403 648 4454 labiamnlieressiveseuee.
668 4406 714 4454 Sed
733 4406 850 4469 qnantum
877 4401 1034 4453 Donatus
1059 4405 1323 4457 commentator

127 4486 286 4552 Vergilii
306 4485 388 4545 refert,
406 4485 526 4536 labeas
544 4486 656 4537 dicuutur
673 4486 806 4537 interiores.
866 4485 930 4534 Haec
947 4486 1027 4537 omnia
1044 4487 1104 4537 falsa
1119 4491 1175 4537 snut
1193 4492 1217 4538 st
1234 4488 1322 4553 peioris
