3418 5392
331 353 376 420 64
849 369 1007 419 nonanus.

329 533 448 600 falsum
479 534 547 598 sine
578 534 757 618 suspicione
782 535 942 600 transiret.
1015 532 1118 614 18(6)
1141 533 1184 598 ur
1207 535 1289 600 mire
1313 535 1352 600 ab
1375 535 1529 600 inferiore

330 641 452 724 coepit,
477 644 515 702 ut
539 637 668 715 αὔξησιν
691 638 767 703 doni
789 639 906 705 faceret
926 641 961 704 in
980 637 1138 718 Chaerea,
1159 645 1191 706 et
1209 643 1298 725 turpi
1317 641 1528 726 praecedente

329 743 525 810 lenocinium
549 750 714 830 comparat
737 751 886 811 secuturo
911 744 1056 831 pulchro.

375 850 552 916 Exordium
583 849 707 930 simile,
736 854 840 916 cetera
864 852 1000 918 diversa.
1031 851 1069 916 In
1092 851 1140 933 (6)
1164 849 1291 927 αὔξησις
1317 851 1371 924 fit.
1396 858 1435 918 ut
1455 853 1529 938 pul·

330 957 453 1023 chrum·
467 957 586 1023 donum
611 960 716 1044 magis
741 957 863 1044 placeat
887 964 958 1044 post
983 965 1095 1045 turpe,
1119 960 1152 1022 in
1176 957 1224 1039 (2)
1248 958 1308 1023 hoc
1331 958 1419 1023 idem
1445 956 1528 1024 latet

329 1062 459 1147 quidem
490 1065 525 1126 in
556 1064 660 1148 prime
691 1065 867 1141 sententia,
900 1063 955 1128 sed
986 1063 1050 1129 elie
1073 1084 1168 1128 cansa
1191 1063 1321 1129 additur
1345 1084 1402 1150 per
1423 1063 1527 1141 simut,

328 1189 444 1253 nempe
476 1174 514 1232 ut
545 1187 657 1233 verum
689 1189 810 1233 munus
832 1169 964 1255 obtegat
987 1189 1123 1254 sequena
1145 1166 1275 1234 falsum.
1346 1169 1417 1234 Hoc
1442 1167 1530 1235 addi·

329 1278 508 1339 tamentum
541 1276 640 1338 nimis
669 1276 849 1360 speciosum
881 1274 987 1361 prodit
1010 1280 1190 1354 auctorem,
1215 1274 1293 1360 quid
1316 1276 1401 1340 enim
1426 1277 1530 1360 auspi·

329 1382 454 1445 cionem
489 1382 644 1445 suscitare
673 1382 782 1465 potuit
813 1382 876 1445 nisi
907 1380 1047 1446 eunuchi
1069 1382 1222 1446 iuventus
1238 1385 1277 1445 et
1299 1380 1527 1466 pulchritudo,

329 1490 362 1551 et
386 1485 463 1550 haec
485 1487 660 1570 praemissa
684 1489 827 1572 turpiore
852 1486 1054 1572 Aethiopissa
1078 1488 1184 1572 magia
1207 1488 1345 1565 enitent,
1366 1492 1405 1550 ut
1424 1491 1474 1552 eet
1493 1489 1527 1551 in

328 1597 464 1677 utroque
483 1591 621 1669 scholis,
642 1597 737 1676 atque
758 1593 817 1658 hee
837 1592 1009 1678 qualitates
1029 1614 1103 1658 mox
1121 1595 1266 1658 omnium
1280 1593 1526 1658 admirationem

328 1697 450 1763 nullius
470 1697 704 1762 dubitationem
723 1702 907 1783 provocant.
966 1698 1079 1764 Editor
1098 1705 1208 1764 eutem
1231 1703 1302 1784 post
1322 1720 1419 1764 sunm
1439 1700 1527 1765 echo

327 1802 412 1869 lium
443 1803 483 1869 ad
517 1800 558 1868 17
590 1806 690 1868 etiam
721 1804 761 1869 ad
794 1803 836 1869 18
868 1804 1049 1871 Donateum
1081 1807 1159 1870 satia
1191 1804 1354 1870 diversum
1385 1807 1527 1892 recipere

328 1911 450 1995 potuit,
474 1929 549 1974 nem
574 1908 711 1974 alterum
733 1909 866 1975 alterius
889 1931 1091 1996 nequaquem
1115 1916 1163 1976 est
1186 1912 1336 1996 repetitio
1353 1909 1386 1991 ¹).

374 2015 454 2080 ibid.
480 2014 522 2079 18
560 2014 681 2081 Thraso
712 2019 909 2102 conspiciens
940 2023 1067 2102 turpem
1091 2015 1234 2102 puellam
1259 2015 1435 2082 exclamet:
1460 2016 1525 2082 Hic

329 2127 403 2186 aunt
427 2126 491 2186 tres
513 2119 637 2186 minaei

374 2225 421 2308 (4)
453 2225 574 2293 Oellide
605 2247 724 2292 munus
755 2227 794 2293 ad
825 2229 967 2314 pretium
998 2230 1181 2307 revocavit,
1212 2233 1250 2294 ut
1281 2227 1321 2294 ad
1351 2229 1524 2294 avaritiam

328 2338 526 2398 converteret
549 2335 768 2412 meretricem,
793 2355 832 2399 ne
855 2333 957 2399 officio
981 2333 1127 2400 donantis
1151 2340 1182 2399 et
1205 2336 1310 2420 gratia
1331 2331 1500 2399 leniretur.

374 2438 448 2503 Huc
467 2459 568 2523 usque
587 2438 678 2518 Don,
699 2442 900 2526 persequitur
918 2440 1048 2506 Editor:
1070 2444 1102 2513 et
1121 2439 1192 2506 ideo
1212 2461 1275 2506 non
1295 2439 1376 2505 dixit
1397 2441 1523 2518 „tribus

330 2547 427 2610 minis
458 2544 578 2623 ralet'’,
610 2545 664 2611 sed
697 2547 770 2626 „hic
801 2546 899 2626 habe,
932 2545 1044 2624 Thais,
1077 2553 1142 2612 tres
1173 2547 1310 2625 minas”,
1341 2548 1434 2631 quasi
1456 2549 1522 2612 iem

330 2650 494 2718 vendenda
518 2653 570 2717 sit.

374 2757 454 2823 Ibid.
480 2757 523 2822 22
561 2758 625 2823 Pa.
657 2757 740 2838 Quid
773 2764 809 2824 tu
840 2760 904 2838 ais,
937 2756 1088 2826 Gnatho?
1119 2757 1287 2843 Numquid
1314 2758 1412 2824 habea
1436 2759 1519 2844 qnod

329 2861 533 2930 contemnas?
1136 2901 1137 2906 κ

374 2971 421 3052 (2)
452 2970 531 3035 Plus
561 2974 610 3035 eat
634 2969 860 3050 „contemnes”
885 2991 982 3056 quam
1006 2971 1225 3056 „vituperes’'.
1288 2969 1338 3034 lP
1362 2969 1416 3035 vel
1440 2969 1521 3035 alins

328 3077 494 3164 magister.

372 3181 452 3248 Ibid.
477 3181 517 3247 31
552 3182 708 3250 Parmeno
731 3204 822 3249 erum
847 3204 942 3248 anum
967 3184 1128 3248 meretrici
1151 3183 1196 3247 sic
1219 3180 1443 3247 commendat:

428 3276 434 3288 ’
463 3288 527 3356 Ubi
550 3289 725 3355 molestum
748 3312 810 3356 non
834 3293 912 3368 erit,
934 3290 992 3354 ubi
1015 3296 1052 3355 tu
1077 3288 1164 3355 voles

463 3394 527 3460 Ubi
550 3405 679 3480 tempus
703 3397 762 3460 tibi
787 3397 865 3473 erit,
892 3401 941 3460 sat
964 3394 1061 3460 hebet
1084 3397 1111 3459 si
1125 3399 1205 3459 tum
1231 3396 1384 3481 recipitur

372 3501 420 3582 (3)
450 3500 493 3565 llt
523 3503 605 3566 mire
636 3507 770 3586 occupat
797 3502 943 3567 animum
975 3502 1169 3578 meretricis,
1202 3522 1277 3565 cum
1306 3497 1398 3566 illem
1422 3501 1518 3566 huius

325 3606 471 3692 impulsu
502 3607 626 3672 inducit
656 3606 773 3686 facere,
805 3606 957 3693 quiequid
988 3606 1066 3672 dure
1093 3606 1167 3672 fecit
1198 3605 1395 3674 excludendo
1419 3607 1518 3672 Phae-

327 3714 440 3780 driam.
473 3715 535 3780 Hic
557 3716 670 3801 igitur,
695 3717 750 3800 qui
773 3717 842 3780 soit
857 3721 1025 3802 praecepta
1049 3715 1087 3780 de
1110 3715 1270 3780 beneficiis
1293 3716 1517 3794 aestimandis,

325 3822 490 3908 intellegit
519 3823 654 3887 oratorie
683 3821 717 3884 in
741 3825 910 3906 utramque
934 3827 1058 3908 partem
1082 3821 1167 3886 dicte
1190 3823 1308 3887 omnia.
1379 3821 1430 3886 Ad
1461 3821 1517 3887 32:

326 3928 390 3994 His
413 3928 507 3993 dictis
531 3933 564 3991 et
586 3926 724 3994 militem
748 3927 889 4012 reppulit
913 3929 952 3993 ab
975 3930 1082 3994 animo
1106 3929 1283 3993 meretricis
1306 3933 1338 3992 et
1361 3948 1517 3993 commen-

326 4035 416 4100 davit
449 4033 685 4100 adulescentem
721 4040 753 4100 et
784 4034 933 4119 perfecit,
966 4055 1006 4100 ne
1035 4036 1155 4100 iniuria
1185 4033 1343 4111 videatur,
1376 4040 1415 4100 ut
1437 4054 1514 4120 quae

211 4169 218 4182 ·
325 4147 437 4226 sponte
460 4142 634 4226 susceperit
657 4140 859 4206 Phaedriam.

371 4246 526 4312 llinsdem
556 4249 732 4314 sententiae
767 4249 1045 4333 interpretationes
1076 4247 1219 4313 diversae
1251 4249 1348 4312 unius
1380 4249 1515 4314 auctoris

360 4479 386 4545 1)
404 4479 548 4545 Excerptum
565 4477 627 4528 aliua
644 4478 753 4543 magistri
770 4479 845 4542 lea)
862 4493 889 4527 ex
908 4479 982 4541 lep)
1000 4492 1072 4542 supra
1089 4476 1212 4542 designavi
1228 4493 1252 4542 p.
1272 4476 1312 4526 22.
