<?xml version="1.0" encoding="UTF-8"?>
<!DOCTYPE html PUBLIC "-//W3C//DTD XHTML 1.0 Transitional//EN"
    "http://www.w3.org/TR/xhtml1/DTD/xhtml1-transitional.dtd">
<html xmlns="http://www.w3.org/1999/xhtml" xml:lang="en" lang="en">
 <head>
  <title>
</title>
<meta http-equiv="Content-Type" content="text/html;charset=utf-8" />
  <meta name='ocr-system' content='tesseract 3.04.00' />
  <meta name='ocr-capabilities' content='ocr_page ocr_carea ocr_par ocr_line ocrx_word'/>
</head>
<body>
  <div class='ocr_page' id='page_1' title='image "./decommentidonat00karsgoog_0054.png"; bbox 0 0 3418 5392; ppageno 0'>
   <div class='ocr_carea' id='block_1_1' title="bbox 690 372 1367 438">
    <p class='ocr_par' dir='ltr' id='par_1_1' title="bbox 690 372 1367 438">
     <span class='ocr_line' id='line_1_1' title="bbox 690 372 1367 438; baseline -0.001 -2"><span class='ocrx_word' id='word_1_1' title='bbox 690 389 844 438; x_wconf 79' lang='lat' dir='ltr'>nonanus.</span> <span class='ocrx_word' id='word_1_2' title='bbox 1325 372 1367 436; x_wconf 88' lang='grc'>41</span> 
     </span>
    </p>
   </div>
   <div class='ocr_carea' id='block_1_2' title="bbox 165 541 1368 4348">
    <p class='ocr_par' dir='ltr' id='par_1_2' title="bbox 165 541 1368 2336">
     <span class='ocr_line' id='line_1_2' title="bbox 212 541 1368 641; baseline -0.001 -21"><span class='ocrx_word' id='word_1_3' title='bbox 212 541 298 620; x_wconf 81' lang='lat' dir='ltr'>[lum</span> <span class='ocrx_word' id='word_1_4' title='bbox 333 552 518 640; x_wconf 81' lang='lat' dir='ltr'>„rogitare”</span> <span class='ocrx_word' id='word_1_5' title='bbox 550 556 593 618; x_wconf 91' lang='lat' dir='ltr'>sit</span> <span class='ocrx_word' id='word_1_6' title='bbox 623 553 813 619; x_wconf 77' lang='lat' dir='ltr'>exclamatio</span> <span class='ocrx_word' id='word_1_7' title='bbox 843 555 1056 641; x_wconf 70' lang='lat' dir='ltr'>indignantia,</span> <span class='ocrx_word' id='word_1_8' title='bbox 1088 553 1171 619; x_wconf 88' lang='lat' dir='ltr'>nihil</span> <span class='ocrx_word' id='word_1_9' title='bbox 1199 553 1368 621; x_wconf 75' lang='lat' dir='ltr'>decebant</span> 
     </span>
     <span class='ocr_line' id='line_1_3' title="bbox 167 659 1366 745; baseline 0.003 -22"><span class='ocrx_word' id='word_1_10' title='bbox 167 659 361 725; x_wconf 87' lang='lat' dir='ltr'>subauditur</span> <span class='ocrx_word' id='word_1_11' title='bbox 384 666 416 724; x_wconf 85' lang='lat' dir='ltr'>et</span> <span class='ocrx_word' id='word_1_12' title='bbox 440 659 618 725; x_wconf 87' lang='lat' dir='ltr'>damnanda</span> <span class='ocrx_word' id='word_1_13' title='bbox 642 665 719 724; x_wconf 87' lang='lat' dir='ltr'>sunt</span> <span class='ocrx_word' id='word_1_14' title='bbox 742 659 788 740; x_wconf 99' lang='grc'>(1)</span> <span class='ocrx_word' id='word_1_15' title='bbox 812 666 843 725; x_wconf 89' lang='lat' dir='ltr'>et</span> <span class='ocrx_word' id='word_1_16' title='bbox 867 660 927 740; x_wconf 87' lang='lat'>(4),</span> <span class='ocrx_word' id='word_1_17' title='bbox 952 681 1091 745; x_wconf 88' lang='lat' dir='ltr'>quorum</span> <span class='ocrx_word' id='word_1_18' title='bbox 1121 659 1202 724; x_wconf 91' lang='lat' dir='ltr'>illud</span> <span class='ocrx_word' id='word_1_19' title='bbox 1232 660 1366 727; x_wconf 89' lang='lat' dir='ltr'>debetur</span> 
     </span>
     <span class='ocr_line' id='line_1_4' title="bbox 169 764 1367 852; baseline 0.002 -23"><span class='ocrx_word' id='word_1_20' title='bbox 169 769 344 851; x_wconf 86' lang='lat' dir='ltr'>magistro,</span> <span class='ocrx_word' id='word_1_21' title='bbox 378 769 435 850; x_wconf 88' lang='lat' dir='ltr'>qui</span> <span class='ocrx_word' id='word_1_22' title='bbox 464 765 639 831; x_wconf 78' lang='lat' dir='ltr'>identidem</span> <span class='ocrx_word' id='word_1_23' title='bbox 671 764 752 830; x_wconf 86' lang='lat' dir='ltr'>false</span> <span class='ocrx_word' id='word_1_24' title='bbox 781 765 1006 850; x_wconf 88' lang='lat' dir='ltr'>supplementa</span> <span class='ocrx_word' id='word_1_25' title='bbox 1029 767 1178 850; x_wconf 84' lang='lat' dir='ltr'>praebuit</span> <span class='ocrx_word' id='word_1_26' title='bbox 1207 769 1367 852; x_wconf 78' lang='lat' dir='ltr'>perdocet</span> 
     </span>
     <span class='ocr_line' id='line_1_5' title="bbox 169 870 1367 956; baseline 0.002 -21"><span class='ocrx_word' id='word_1_27' title='bbox 169 871 220 948; x_wconf 82' lang='lat' dir='ltr'>(cf.</span> <span class='ocrx_word' id='word_1_28' title='bbox 245 870 396 956; x_wconf 83' lang='lat' dir='ltr'>exempla</span> <span class='ocrx_word' id='word_1_29' title='bbox 419 872 458 935; x_wconf 90' lang='lat' dir='ltr'>ad</span> <span class='ocrx_word' id='word_1_30' title='bbox 483 871 581 938; x_wconf 88' lang='lat' dir='ltr'>Andr.</span> <span class='ocrx_word' id='word_1_31' title='bbox 606 875 640 935; x_wconf 92' lang='lat' dir='ltr'>in</span> <span class='ocrx_word' id='word_1_32' title='bbox 665 871 788 937; x_wconf 88' lang='lat' dir='ltr'>Mnem.</span> <span class='ocrx_word' id='word_1_33' title='bbox 815 871 945 935; x_wconf 84' lang='lat' dir='ltr'>XXXII</span> <span class='ocrx_word' id='word_1_34' title='bbox 969 893 999 956; x_wconf 92' lang='lat' dir='ltr'>p.</span> <span class='ocrx_word' id='word_1_35' title='bbox 1026 871 1091 936; x_wconf 82' lang='lat'>300</span> <span class='ocrx_word' id='word_1_36' title='bbox 1104 878 1196 956; x_wconf 88' lang='lat' dir='ltr'>sqq),</span> <span class='ocrx_word' id='word_1_37' title='bbox 1222 873 1281 937; x_wconf 94' lang='lat' dir='ltr'>hoc</span> <span class='ocrx_word' id='word_1_38' title='bbox 1300 873 1367 938; x_wconf 90' lang='lat' dir='ltr'>alii.</span> 
     </span>
     <span class='ocr_line' id='line_1_6' title="bbox 167 975 1367 1062; baseline 0.003 -22"><span class='ocrx_word' id='word_1_39' title='bbox 167 975 302 1062; x_wconf 81' lang='lat' dir='ltr'>Reliqua</span> <span class='ocrx_word' id='word_1_40' title='bbox 339 977 421 1041; x_wconf 91' lang='lat' dir='ltr'>mihi</span> <span class='ocrx_word' id='word_1_41' title='bbox 456 977 581 1043; x_wconf 89' lang='lat' dir='ltr'>Donato</span> <span class='ocrx_word' id='word_1_42' title='bbox 616 978 719 1042; x_wconf 89' lang='lat' dir='ltr'>danda</span> <span class='ocrx_word' id='word_1_43' title='bbox 749 978 911 1054; x_wconf 86' lang='lat' dir='ltr'>videntur,</span> <span class='ocrx_word' id='word_1_44' title='bbox 945 980 1002 1062; x_wconf 90' lang='lat' dir='ltr'>qui</span> <span class='ocrx_word' id='word_1_45' title='bbox 1031 980 1064 1042; x_wconf 93' lang='lat' dir='ltr'>in</span> <span class='ocrx_word' id='word_1_46' title='bbox 1096 978 1144 1057; x_wconf 91' lang='grc'>(2)</span> <span class='ocrx_word' id='word_1_47' title='bbox 1168 978 1367 1044; x_wconf 85' lang='lat' dir='ltr'>infinitivum</span> 
     </span>
     <span class='ocr_line' id='line_1_7' title="bbox 167 1081 1368 1169; baseline 0.003 -23"><span class='ocrx_word' id='word_1_48' title='bbox 167 1081 367 1147; x_wconf 76' lang='lat' dir='ltr'>exclamandi</span> <span class='ocrx_word' id='word_1_49' title='bbox 397 1084 564 1169; x_wconf 87' lang='lat' dir='ltr'>integrum</span> <span class='ocrx_word' id='word_1_50' title='bbox 588 1082 720 1169; x_wconf 90' lang='lat' dir='ltr'>reliquit</span> <span class='ocrx_word' id='word_1_51' title='bbox 743 1103 778 1148; x_wconf 91' lang='lat' dir='ltr'>ac</span> <span class='ocrx_word' id='word_1_52' title='bbox 802 1086 871 1147; x_wconf 89' lang='lat' dir='ltr'>sine</span> <span class='ocrx_word' id='word_1_53' title='bbox 895 1082 1127 1168; x_wconf 81' lang='lat' dir='ltr'>supplementis</span> <span class='ocrx_word' id='word_1_54' title='bbox 1151 1092 1184 1148; x_wconf 90' lang='lat' dir='ltr'>et</span> <span class='ocrx_word' id='word_1_55' title='bbox 1207 1091 1291 1149; x_wconf 89' lang='lat' dir='ltr'>recte</span> <span class='ocrx_word' id='word_1_56' title='bbox 1315 1086 1368 1150; x_wconf 95' lang='lat' dir='ltr'>ob-</span> 
     </span>
     <span class='ocr_line' id='line_1_8' title="bbox 167 1188 1367 1260; baseline 0.003 -8"><span class='ocrx_word' id='word_1_57' title='bbox 167 1192 311 1254; x_wconf 87' lang='lat' dir='ltr'>servavit</span> <span class='ocrx_word' id='word_1_58' title='bbox 335 1189 568 1255; x_wconf 87' lang='lat' dir='ltr'>Parmenonem</span> <span class='ocrx_word' id='word_1_59' title='bbox 592 1192 691 1255; x_wconf 85' lang='lat' dir='ltr'>etiem</span> <span class='ocrx_word' id='word_1_60' title='bbox 716 1211 866 1255; x_wconf 88' lang='lat' dir='ltr'>aversum</span> <span class='ocrx_word' id='word_1_61' title='bbox 888 1211 907 1253; x_wconf 89' lang='lat' dir='ltr'>a</span> <span class='ocrx_word' id='word_1_62' title='bbox 931 1189 1089 1260; x_wconf 75' lang='lat' dir='ltr'>Phaedria</span> <span class='ocrx_word' id='word_1_63' title='bbox 1111 1190 1170 1254; x_wconf 91' lang='lat' dir='ltr'>hoo</span> <span class='ocrx_word' id='word_1_64' title='bbox 1190 1188 1367 1256; x_wconf 84' lang='lat' dir='ltr'>exclamare</span> 
     </span>
     <span class='ocr_line' id='line_1_9' title="bbox 168 1293 1368 1380; baseline 0.003 -22"><span class='ocrx_word' id='word_1_65' title='bbox 168 1296 328 1379; x_wconf 87' lang='lat' dir='ltr'>potuisse,</span> <span class='ocrx_word' id='word_1_66' title='bbox 361 1297 490 1359; x_wconf 84' lang='lat' dir='ltr'>etiamsi</span> <span class='ocrx_word' id='word_1_67' title='bbox 523 1296 583 1360; x_wconf 87' lang='lat' dir='ltr'>hoc</span> <span class='ocrx_word' id='word_1_68' title='bbox 613 1297 723 1360; x_wconf 90' lang='lat' dir='ltr'>minus</span> <span class='ocrx_word' id='word_1_69' title='bbox 752 1298 795 1359; x_wconf 85' lang='lat' dir='ltr'>sit</span> <span class='ocrx_word' id='word_1_70' title='bbox 818 1293 990 1380; x_wconf 81' lang='lat' dir='ltr'>probabile.</span> <span class='ocrx_word' id='word_1_71' title='bbox 1027 1294 1116 1360; x_wconf 90' lang='lat' dir='ltr'>ldem</span> <span class='ocrx_word' id='word_1_72' title='bbox 1139 1298 1173 1359; x_wconf 90' lang='lat' dir='ltr'>in</span> <span class='ocrx_word' id='word_1_73' title='bbox 1197 1295 1245 1376; x_wconf 88' lang='lat'>(3)</span> <span class='ocrx_word' id='word_1_74' title='bbox 1270 1298 1368 1362; x_wconf 87' lang='lat' dir='ltr'>rerba</span> 
     </span>
     <span class='ocr_line' id='line_1_10' title="bbox 169 1393 1367 1489; baseline 0.002 -25"><span class='ocrx_word' id='word_1_75' title='bbox 169 1402 282 1484; x_wconf 88' lang='lat' dir='ltr'>„quasi</span> <span class='ocrx_word' id='word_1_76' title='bbox 302 1393 431 1464; x_wconf 87' lang='lat' dir='ltr'>difficile</span> <span class='ocrx_word' id='word_1_77' title='bbox 450 1400 514 1465; x_wconf 90' lang='lat' dir='ltr'>sit”</span> <span class='ocrx_word' id='word_1_78' title='bbox 536 1422 599 1465; x_wconf 94' lang='lat' dir='ltr'>non</span> <span class='ocrx_word' id='word_1_79' title='bbox 620 1403 726 1487; x_wconf 86' lang='lat' dir='ltr'>magis</span> <span class='ocrx_word' id='word_1_80' title='bbox 746 1399 969 1487; x_wconf 87' lang='lat' dir='ltr'>supplemento</span> <span class='ocrx_word' id='word_1_81' title='bbox 983 1404 1144 1478; x_wconf 86' lang='lat' dir='ltr'>oneravit,</span> <span class='ocrx_word' id='word_1_82' title='bbox 1161 1408 1199 1467; x_wconf 91' lang='lat' dir='ltr'>ut</span> <span class='ocrx_word' id='word_1_83' title='bbox 1211 1405 1367 1489; x_wconf 86' lang='lat' dir='ltr'>magister</span> 
     </span>
     <span class='ocr_line' id='line_1_11' title="bbox 165 1505 1363 1593; baseline 0.002 -23"><span class='ocrx_word' id='word_1_84' title='bbox 165 1506 240 1570; x_wconf 90' lang='lat' dir='ltr'>fecit</span> <span class='ocrx_word' id='word_1_85' title='bbox 271 1509 306 1569; x_wconf 92' lang='lat' dir='ltr'>in</span> <span class='ocrx_word' id='word_1_86' title='bbox 339 1505 397 1586; x_wconf 96' lang='grc'>(4).</span> <span class='ocrx_word' id='word_1_87' title='bbox 424 1505 544 1571; x_wconf 88' lang='lat' dir='ltr'>Dubito</span> <span class='ocrx_word' id='word_1_88' title='bbox 568 1514 677 1572; x_wconf 86' lang='lat' dir='ltr'>tamen</span> <span class='ocrx_word' id='word_1_89' title='bbox 701 1506 739 1571; x_wconf 89' lang='lat' dir='ltr'>de</span> <span class='ocrx_word' id='word_1_90' title='bbox 763 1507 863 1572; x_wconf 87' lang='lat' dir='ltr'>altera</span> <span class='ocrx_word' id='word_1_91' title='bbox 886 1513 976 1592; x_wconf 90' lang='lat' dir='ltr'>perte</span> <span class='ocrx_word' id='word_1_92' title='bbox 1000 1507 1113 1572; x_wconf 91' lang='lat' dir='ltr'>scholii</span> <span class='ocrx_word' id='word_1_93' title='bbox 1137 1507 1195 1588; x_wconf 90' lang='grc'>(3),</span> <span class='ocrx_word' id='word_1_94' title='bbox 1219 1511 1363 1593; x_wconf 89' lang='lat' dir='ltr'>primum</span> 
     </span>
     <span class='ocr_line' id='line_1_12' title="bbox 166 1611 1364 1699; baseline 0.002 -23"><span class='ocrx_word' id='word_1_95' title='bbox 166 1614 252 1676; x_wconf 89' lang='lat' dir='ltr'>enim</span> <span class='ocrx_word' id='word_1_96' title='bbox 289 1611 387 1676; x_wconf 86' lang='lat' dir='ltr'>verba</span> <span class='ocrx_word' id='word_1_97' title='bbox 426 1619 479 1689; x_wconf 88' lang='lat' dir='ltr'>„et</span> <span class='ocrx_word' id='word_1_98' title='bbox 515 1612 654 1677; x_wconf 85' lang='lat' dir='ltr'>ostendit</span> <span class='ocrx_word' id='word_1_99' title='bbox 772 1612 928 1678; x_wconf 86' lang='lat' dir='ltr'>munera’&#39;</span> <span class='ocrx_word' id='word_1_100' title='bbox 964 1635 1094 1698; x_wconf 88' lang='lat' dir='ltr'>prorsus</span> <span class='ocrx_word' id='word_1_101' title='bbox 1129 1635 1364 1699; x_wconf 85' lang='lat' dir='ltr'>supervacanea</span> 
     </span>
     <span class='ocr_line' id='line_1_13' title="bbox 166 1716 1363 1803; baseline 0.002 -22"><span class='ocrx_word' id='word_1_102' title='bbox 166 1725 259 1794; x_wconf 90' lang='lat' dir='ltr'>sunt,</span> <span class='ocrx_word' id='word_1_103' title='bbox 292 1716 374 1782; x_wconf 89' lang='lat' dir='ltr'>Don.</span> <span class='ocrx_word' id='word_1_104' title='bbox 408 1723 514 1782; x_wconf 87' lang='lat' dir='ltr'>autem</span> <span class='ocrx_word' id='word_1_105' title='bbox 548 1717 615 1782; x_wconf 90' lang='lat' dir='ltr'>odit</span> <span class='ocrx_word' id='word_1_106' title='bbox 646 1719 746 1783; x_wconf 89' lang='lat' dir='ltr'>otiose</span> <span class='ocrx_word' id='word_1_107' title='bbox 777 1724 808 1782; x_wconf 85' lang='lat' dir='ltr'>et</span> <span class='ocrx_word' id='word_1_108' title='bbox 832 1738 1082 1803; x_wconf 82' lang='lat' dir='ltr'>supervacanea,</span> <span class='ocrx_word' id='word_1_109' title='bbox 1108 1721 1244 1803; x_wconf 85' lang='lat' dir='ltr'>quaein</span> <span class='ocrx_word' id='word_1_110' title='bbox 1268 1721 1363 1784; x_wconf 91' lang='lat' dir='ltr'>certis</span> 
     </span>
     <span class='ocr_line' id='line_1_14' title="bbox 166 1825 1365 1911; baseline -0.001 -21"><span class='ocrx_word' id='word_1_111' title='bbox 166 1827 381 1911; x_wconf 85' lang='lat' dir='ltr'>genuinisque</span> <span class='ocrx_word' id='word_1_112' title='bbox 405 1827 473 1889; x_wconf 89' lang='lat' dir='ltr'>eius</span> <span class='ocrx_word' id='word_1_113' title='bbox 496 1825 753 1890; x_wconf 87' lang='lat' dir='ltr'>adnotationibus</span> <span class='ocrx_word' id='word_1_114' title='bbox 774 1845 932 1910; x_wconf 91' lang='lat' dir='ltr'>nusquam</span> <span class='ocrx_word' id='word_1_115' title='bbox 950 1828 1112 1902; x_wconf 82' lang='lat' dir='ltr'>invenies,</span> <span class='ocrx_word' id='word_1_116' title='bbox 1134 1825 1247 1890; x_wconf 90' lang='lat' dir='ltr'>deinde</span> <span class='ocrx_word' id='word_1_117' title='bbox 1268 1826 1365 1890; x_wconf 90' lang='lat' dir='ltr'>verba</span> 
     </span>
     <span class='ocr_line' id='line_1_15' title="bbox 169 1929 1364 2016; baseline 0 -21"><span class='ocrx_word' id='word_1_118' title='bbox 169 1953 265 2008; x_wconf 91' lang='lat' dir='ltr'>„cum</span> <span class='ocrx_word' id='word_1_119' title='bbox 296 1937 407 1996; x_wconf 88' lang='lat' dir='ltr'>contra</span> <span class='ocrx_word' id='word_1_120' title='bbox 509 1953 570 1995; x_wconf 92' lang='lat' dir='ltr'>non</span> <span class='ocrx_word' id='word_1_121' title='bbox 601 1929 697 1996; x_wconf 90' lang='lat' dir='ltr'>dare”</span> <span class='ocrx_word' id='word_1_122' title='bbox 730 1933 922 1995; x_wconf 88' lang='lat' dir='ltr'>sententiam</span> <span class='ocrx_word' id='word_1_123' title='bbox 948 1933 1154 1996; x_wconf 87' lang='lat' dir='ltr'>continente</span> <span class='ocrx_word' id='word_1_124' title='bbox 1178 1952 1211 1996; x_wconf 94' lang='lat' dir='ltr'>re</span> <span class='ocrx_word' id='word_1_125' title='bbox 1235 1951 1364 2016; x_wconf 86' lang='lat' dir='ltr'>prorsus</span> 
     </span>
     <span class='ocr_line' id='line_1_16' title="bbox 167 2036 1365 2122; baseline 0 -20"><span class='ocrx_word' id='word_1_126' title='bbox 167 2037 305 2102; x_wconf 87' lang='lat' dir='ltr'>alienam</span> <span class='ocrx_word' id='word_1_127' title='bbox 335 2044 367 2102; x_wconf 93' lang='lat' dir='ltr'>et</span> <span class='ocrx_word' id='word_1_128' title='bbox 399 2043 469 2101; x_wconf 92' lang='lat' dir='ltr'>tum</span> <span class='ocrx_word' id='word_1_129' title='bbox 500 2038 632 2102; x_wconf 90' lang='lat' dir='ltr'>demum</span> <span class='ocrx_word' id='word_1_130' title='bbox 657 2040 855 2122; x_wconf 89' lang='lat' dir='ltr'>appositam,</span> <span class='ocrx_word' id='word_1_131' title='bbox 884 2040 912 2100; x_wconf 92' lang='lat' dir='ltr'>si</span> <span class='ocrx_word' id='word_1_132' title='bbox 934 2037 1091 2103; x_wconf 84' lang='lat' dir='ltr'>Parmeno</span> <span class='ocrx_word' id='word_1_133' title='bbox 1113 2039 1147 2101; x_wconf 93' lang='lat' dir='ltr'>in</span> <span class='ocrx_word' id='word_1_134' title='bbox 1172 2036 1230 2101; x_wconf 93' lang='lat' dir='ltr'>hac</span> <span class='ocrx_word' id='word_1_135' title='bbox 1254 2057 1365 2102; x_wconf 87' lang='lat' dir='ltr'>scaena</span> 
     </span>
     <span class='ocr_line' id='line_1_17' title="bbox 170 2143 1365 2230; baseline -0.001 -21"><span class='ocrx_word' id='word_1_136' title='bbox 170 2165 353 2230; x_wconf 86' lang='lat' dir='ltr'>perversam</span> <span class='ocrx_word' id='word_1_137' title='bbox 373 2143 585 2209; x_wconf 86' lang='lat' dir='ltr'>adulescentis</span> <span class='ocrx_word' id='word_1_138' title='bbox 609 2143 836 2209; x_wconf 85' lang='lat' dir='ltr'>liberalitatem</span> <span class='ocrx_word' id='word_1_139' title='bbox 868 2147 1047 2230; x_wconf 77' lang='lat' dir='ltr'>tetigisset,</span> <span class='ocrx_word' id='word_1_140' title='bbox 1079 2166 1097 2208; x_wconf 89' lang='lat' dir='ltr'>a</span> <span class='ocrx_word' id='word_1_141' title='bbox 1127 2165 1189 2230; x_wconf 91' lang='lat' dir='ltr'>quo</span> <span class='ocrx_word' id='word_1_142' title='bbox 1222 2144 1365 2208; x_wconf 90' lang='lat' dir='ltr'>multum</span> 
     </span>
     <span class='ocr_line' id='line_1_18' title="bbox 170 2249 1365 2336; baseline 0 -20"><span class='ocrx_word' id='word_1_143' title='bbox 170 2251 282 2316; x_wconf 83' lang='lat' dir='ltr'>abluit.</span> <span class='ocrx_word' id='word_1_144' title='bbox 320 2249 408 2315; x_wconf 87' lang='lat' dir='ltr'>Haec</span> <span class='ocrx_word' id='word_1_145' title='bbox 430 2253 534 2336; x_wconf 86' lang='lat' dir='ltr'>igitur</span> <span class='ocrx_word' id='word_1_146' title='bbox 556 2255 594 2314; x_wconf 89' lang='lat' dir='ltr'>ut</span> <span class='ocrx_word' id='word_1_147' title='bbox 615 2249 894 2336; x_wconf 84' lang='lat' dir='ltr'>interpolationem</span> <span class='ocrx_word' id='word_1_148' title='bbox 917 2251 1059 2316; x_wconf 78' lang='lat' dir='ltr'>Editoris</span> <span class='ocrx_word' id='word_1_149' title='bbox 1082 2250 1210 2316; x_wconf 90' lang='lat' dir='ltr'>lineolis</span> <span class='ocrx_word' id='word_1_150' title='bbox 1234 2253 1365 2316; x_wconf 85' lang='lat' dir='ltr'>secrevi.</span> 
     </span>
    </p>

    <p class='ocr_par' dir='ltr' id='par_1_3' title="bbox 167 2347 1364 2528">
     <span class='ocr_line' id='line_1_19' title="bbox 213 2347 1364 2443; baseline -0.001 -21"><span class='ocrx_word' id='word_1_151' title='bbox 213 2347 445 2422; x_wconf 79' lang='lat' dir='ltr'>Sabbadini</span> <span class='ocrx_word' id='word_1_152' title='bbox 476 2357 741 2422; x_wconf 87' lang='lat' dir='ltr'>inconsideratius</span> <span class='ocrx_word' id='word_1_153' title='bbox 774 2361 883 2423; x_wconf 91' lang='lat' dir='ltr'>omnia</span> <span class='ocrx_word' id='word_1_154' title='bbox 907 2358 977 2443; x_wconf 92' lang='grc'>((1)</span> <span class='ocrx_word' id='word_1_155' title='bbox 1001 2357 1049 2437; x_wconf 91' lang='grc'>(2)</span> <span class='ocrx_word' id='word_1_156' title='bbox 1073 2356 1142 2441; x_wconf 91' lang='grc'>(3))</span> <span class='ocrx_word' id='word_1_157' title='bbox 1167 2362 1292 2442; x_wconf 85' lang='lat' dir='ltr'>praeter</span> <span class='ocrx_word' id='word_1_158' title='bbox 1316 2357 1364 2438; x_wconf 88' lang='grc'>(4)</span> 
     </span>
     <span class='ocr_line' id='line_1_20' title="bbox 167 2461 418 2528; baseline -0.008 0"><span class='ocrx_word' id='word_1_159' title='bbox 167 2461 257 2528; x_wconf 93' lang='lat' dir='ltr'>obelo</span> <span class='ocrx_word' id='word_1_160' title='bbox 281 2464 418 2527; x_wconf 84' lang='lat' dir='ltr'>notarit.</span> 
     </span>
    </p>

    <p class='ocr_par' dir='ltr' id='par_1_4' title="bbox 168 2567 1303 2760">
     <span class='ocr_line' id='line_1_21' title="bbox 211 2567 1303 2654; baseline 0.002 -22"><span class='ocrx_word' id='word_1_161' title='bbox 211 2567 292 2632; x_wconf 91' lang='lat' dir='ltr'>Ibid.</span> <span class='ocrx_word' id='word_1_162' title='bbox 319 2567 340 2631; x_wconf 89' lang='grc'>4</span> <span class='ocrx_word' id='word_1_163' title='bbox 363 2567 412 2648; x_wconf 93' lang='grc'>(1)</span> <span class='ocrx_word' id='word_1_164' title='bbox 437 2567 626 2647; x_wconf 77' lang='lat' dir='ltr'>„invenire”</span> <span class='ocrx_word' id='word_1_165' title='bbox 651 2571 831 2654; x_wconf 88' lang='lat' dir='ltr'>acquirere;</span> <span class='ocrx_word' id='word_1_166' title='bbox 856 2571 901 2634; x_wconf 90' lang='lat' dir='ltr'>sio</span> <span class='ocrx_word' id='word_1_167' title='bbox 924 2571 958 2634; x_wconf 92' lang='lat' dir='ltr'>in</span> <span class='ocrx_word' id='word_1_168' title='bbox 982 2569 1101 2634; x_wconf 87' lang='lat' dir='ltr'>Heaut.</span> <span class='ocrx_word' id='word_1_169' title='bbox 1126 2567 1166 2650; x_wconf 88' lang='lat' dir='ltr'>(V</span> <span class='ocrx_word' id='word_1_170' title='bbox 1192 2568 1303 2650; x_wconf 83' lang='lat'>4.16).</span> 
     </span>
     <span class='ocr_line' id='line_1_22' title="bbox 168 2672 1214 2760; baseline 0.003 -23"><span class='ocrx_word' id='word_1_171' title='bbox 168 2673 215 2754; x_wconf 89' lang='grc'>(2)</span> <span class='ocrx_word' id='word_1_172' title='bbox 238 2672 324 2739; x_wconf 88' lang='lat' dir='ltr'>Nam</span> <span class='ocrx_word' id='word_1_173' title='bbox 346 2673 417 2738; x_wconf 90' lang='lat' dir='ltr'>ideo</span> <span class='ocrx_word' id='word_1_174' title='bbox 441 2695 458 2738; x_wconf 92' lang='lat' dir='ltr'>a</span> <span class='ocrx_word' id='word_1_175' title='bbox 481 2674 682 2759; x_wconf 85' lang='lat' dir='ltr'>praecedenti</span> <span class='ocrx_word' id='word_1_176' title='bbox 705 2677 802 2739; x_wconf 90' lang='lat' dir='ltr'>etiam</span> <span class='ocrx_word' id='word_1_177' title='bbox 828 2673 1030 2760; x_wconf 86' lang='lat' dir='ltr'>quaestus</span> <span class='ocrx_word' id='word_1_178' title='bbox 1052 2675 1214 2740; x_wconf 89' lang='lat' dir='ltr'>dicuntur.</span> 
     </span>
    </p>

    <p class='ocr_par' dir='ltr' id='par_1_5' title="bbox 169 2777 1364 2971">
     <span class='ocr_line' id='line_1_23' title="bbox 214 2777 1364 2867; baseline 0.003 -24"><span class='ocrx_word' id='word_1_179' title='bbox 214 2778 362 2844; x_wconf 84' lang='lat' dir='ltr'>Alterum</span> <span class='ocrx_word' id='word_1_180' title='bbox 387 2777 543 2844; x_wconf 88' lang='lat' dir='ltr'>scholium</span> <span class='ocrx_word' id='word_1_181' title='bbox 568 2801 629 2845; x_wconf 92' lang='lat' dir='ltr'>non</span> <span class='ocrx_word' id='word_1_182' title='bbox 653 2783 792 2865; x_wconf 87' lang='lat' dir='ltr'>pertinet</span> <span class='ocrx_word' id='word_1_183' title='bbox 814 2780 853 2845; x_wconf 89' lang='lat' dir='ltr'>ad</span> <span class='ocrx_word' id='word_1_184' title='bbox 876 2779 1024 2845; x_wconf 82' lang='lat' dir='ltr'>Eunuchi</span> <span class='ocrx_word' id='word_1_185' title='bbox 1045 2802 1192 2858; x_wconf 86' lang='lat' dir='ltr'>versum,</span> <span class='ocrx_word' id='word_1_186' title='bbox 1213 2782 1267 2846; x_wconf 90' lang='lat' dir='ltr'>sed</span> <span class='ocrx_word' id='word_1_187' title='bbox 1287 2803 1364 2867; x_wconf 91' lang='lat' dir='ltr'>quo·</span> 
     </span>
     <span class='ocr_line' id='line_1_24' title="bbox 169 2883 1339 2971; baseline 0.002 -21"><span class='ocrx_word' id='word_1_188' title='bbox 169 2885 341 2952; x_wconf 91' lang='lat' dir='ltr'>dammodo</span> <span class='ocrx_word' id='word_1_189' title='bbox 372 2884 412 2950; x_wconf 91' lang='lat' dir='ltr'>ad</span> <span class='ocrx_word' id='word_1_190' title='bbox 442 2883 628 2971; x_wconf 82' lang='lat' dir='ltr'>exemplum</span> <span class='ocrx_word' id='word_1_191' title='bbox 660 2885 1019 2952; x_wconf 89' lang='lat' dir='ltr'>Heautontimorumeni</span> <span class='ocrx_word' id='word_1_192' title='bbox 1050 2890 1184 2969; x_wconf 87' lang='lat' dir='ltr'>citatum</span> <span class='ocrx_word' id='word_1_193' title='bbox 1215 2891 1249 2952; x_wconf 91' lang='lat' dir='ltr'>in</span> <span class='ocrx_word' id='word_1_194' title='bbox 1281 2888 1339 2968; x_wconf 90' lang='grc'>(1).</span> 
     </span>
    </p>

    <p class='ocr_par' dir='ltr' id='par_1_6' title="bbox 1191 2992 1315 3058">
     <span class='ocr_line' id='line_1_25' title="bbox 1191 2992 1315 3058; baseline -0.016 0"><span class='ocrx_word' id='word_1_195' title='bbox 1191 3033 1195 3040; x_wconf 91' lang='lat'>·</span> <span class='ocrx_word' id='word_1_196' title='bbox 1232 2992 1264 3058; x_wconf 76' lang='lat' dir='ltr'>S.</span> <span class='ocrx_word' id='word_1_197' title='bbox 1290 3015 1315 3057; x_wconf 91' lang='lat' dir='ltr'>c.</span> 
     </span>
    </p>

    <p class='ocr_par' dir='ltr' id='par_1_7' title="bbox 212 3095 1226 3183">
     <span class='ocr_line' id='line_1_26' title="bbox 212 3095 1226 3183; baseline 0.002 -23"><span class='ocrx_word' id='word_1_198' title='bbox 212 3096 293 3162; x_wconf 92' lang='lat' dir='ltr'>Ibid.</span> <span class='ocrx_word' id='word_1_199' title='bbox 320 3095 339 3160; x_wconf 87' lang='lat'>5</span> <span class='ocrx_word' id='word_1_200' title='bbox 373 3097 442 3182; x_wconf 79' lang='lat' dir='ltr'>ligo</span> <span class='ocrx_word' id='word_1_201' title='bbox 465 3118 592 3182; x_wconf 90' lang='lat' dir='ltr'>quoque</span> <span class='ocrx_word' id='word_1_202' title='bbox 615 3117 679 3161; x_wconf 89' lang='lat' dir='ltr'>una</span> <span class='ocrx_word' id='word_1_203' title='bbox 702 3118 812 3182; x_wconf 87' lang='lat' dir='ltr'>pereo,</span> <span class='ocrx_word' id='word_1_204' title='bbox 838 3098 921 3183; x_wconf 89' lang='lat' dir='ltr'>quod</span> <span class='ocrx_word' id='word_1_205' title='bbox 945 3098 1027 3163; x_wconf 91' lang='lat' dir='ltr'>mihi</span> <span class='ocrx_word' id='word_1_206' title='bbox 1050 3105 1099 3164; x_wconf 89' lang='lat' dir='ltr'>est</span> <span class='ocrx_word' id='word_1_207' title='bbox 1122 3102 1226 3164; x_wconf 87' lang='lat' dir='ltr'>carius</span> 
     </span>
    </p>

    <p class='ocr_par' dir='ltr' id='par_1_8' title="bbox 168 3202 1363 3502">
     <span class='ocr_line' id='line_1_27' title="bbox 213 3202 1362 3291; baseline 0.001 -23"><span class='ocrx_word' id='word_1_208' title='bbox 213 3203 260 3283; x_wconf 89' lang='grc'>(2)</span> <span class='ocrx_word' id='word_1_209' title='bbox 289 3203 353 3267; x_wconf 91' lang='lat' dir='ltr'>Pro</span> <span class='ocrx_word' id='word_1_210' title='bbox 377 3205 433 3286; x_wconf 91' lang='lat' dir='ltr'>qni</span> <span class='ocrx_word' id='word_1_211' title='bbox 456 3204 538 3267; x_wconf 92' lang='lat' dir='ltr'>mihi</span> <span class='ocrx_word' id='word_1_212' title='bbox 561 3225 634 3268; x_wconf 89' lang='lat' dir='ltr'>sum</span> <span class='ocrx_word' id='word_1_213' title='bbox 659 3207 770 3268; x_wconf 88' lang='lat' dir='ltr'>carior.</span> <span class='ocrx_word' id='word_1_214' title='bbox 805 3202 855 3284; x_wconf 89' lang='lat'>(3)</span> <span class='ocrx_word' id='word_1_215' title='bbox 878 3203 940 3269; x_wconf 81' lang='lat' dir='ltr'>Sed</span> <span class='ocrx_word' id='word_1_216' title='bbox 966 3205 1069 3291; x_wconf 89' lang='lat' dir='ltr'>„ego”</span> <span class='ocrx_word' id='word_1_217' title='bbox 1095 3206 1178 3270; x_wconf 84' lang='lat' dir='ltr'>dixit</span> <span class='ocrx_word' id='word_1_218' title='bbox 1201 3205 1362 3283; x_wconf 89' lang='lat' dir='ltr'>absolute,</span> 
     </span>
     <span class='ocr_line' id='line_1_28' title="bbox 168 3295 1363 3395; baseline 0 -21"><span class='ocrx_word' id='word_1_219' title='bbox 168 3330 334 3374; x_wconf 89' lang='lat' dir='ltr'>occurrens</span> <span class='ocrx_word' id='word_1_220' title='bbox 365 3308 441 3373; x_wconf 92' lang='lat' dir='ltr'>huic</span> <span class='ocrx_word' id='word_1_221' title='bbox 469 3295 648 3395; x_wconf 87' lang='lat' dir='ltr'>pronomini</span> <span class='ocrx_word' id='word_1_222' title='bbox 671 3310 861 3394; x_wconf 89' lang='lat' dir='ltr'>&lt;„qu0d’&#39;&gt;.</span> <span class='ocrx_word' id='word_1_223' title='bbox 933 3311 1020 3377; x_wconf 89' lang='lat' dir='ltr'>Haec</span> <span class='ocrx_word' id='word_1_224' title='bbox 1044 3314 1126 3376; x_wconf 87' lang='lat' dir='ltr'>mira</span> <span class='ocrx_word' id='word_1_225' title='bbox 1149 3313 1292 3376; x_wconf 89' lang='lat' dir='ltr'>inventio</span> <span class='ocrx_word' id='word_1_226' title='bbox 1317 3312 1363 3374; x_wconf 91' lang='lat' dir='ltr'>vi-</span> 
     </span>
     <span class='ocr_line' id='line_1_29' title="bbox 168 3414 1313 3502; baseline 0.003 -24"><span class='ocrx_word' id='word_1_227' title='bbox 168 3415 261 3480; x_wconf 87' lang='lat' dir='ltr'>detur</span> <span class='ocrx_word' id='word_1_228' title='bbox 283 3414 426 3479; x_wconf 79' lang='lat' dir='ltr'>Editoris</span> <span class='ocrx_word' id='word_1_229' title='bbox 450 3415 612 3480; x_wconf 85' lang='lat' dir='ltr'>Donatum</span> <span class='ocrx_word' id='word_1_230' title='bbox 637 3417 836 3502; x_wconf 87' lang='lat' dir='ltr'>corrigentis.</span> <span class='ocrx_word' id='word_1_231' title='bbox 1231 3415 1262 3481; x_wconf 84' lang='lat' dir='ltr'>S.</span> <span class='ocrx_word' id='word_1_232' title='bbox 1288 3438 1313 3481; x_wconf 93' lang='lat' dir='ltr'>c.</span> 
     </span>
    </p>

    <p class='ocr_par' dir='ltr' id='par_1_9' title="bbox 212 3520 1080 3608">
     <span class='ocr_line' id='line_1_30' title="bbox 212 3520 1080 3608; baseline 0.002 -22"><span class='ocrx_word' id='word_1_233' title='bbox 212 3521 291 3586; x_wconf 92' lang='lat' dir='ltr'>lbid.</span> <span class='ocrx_word' id='word_1_234' title='bbox 317 3520 337 3584; x_wconf 89' lang='grc'>9</span> <span class='ocrx_word' id='word_1_235' title='bbox 364 3520 556 3599; x_wconf 89' lang='lat' dir='ltr'>Aemulnm,</span> <span class='ocrx_word' id='word_1_236' title='bbox 580 3521 664 3607; x_wconf 92' lang='lat' dir='ltr'>quod</span> <span class='ocrx_word' id='word_1_237' title='bbox 686 3524 823 3606; x_wconf 89' lang='lat' dir='ltr'>poteris,</span> <span class='ocrx_word' id='word_1_238' title='bbox 846 3523 885 3586; x_wconf 88' lang='lat' dir='ltr'>ab</span> <span class='ocrx_word' id='word_1_239' title='bbox 908 3543 944 3587; x_wconf 86' lang='lat' dir='ltr'>ee</span> <span class='ocrx_word' id='word_1_240' title='bbox 965 3522 1080 3608; x_wconf 90' lang='lat' dir='ltr'>pellito</span> 
     </span>
    </p>

    <p class='ocr_par' dir='ltr' id='par_1_10' title="bbox 168 3627 1360 3818">
     <span class='ocr_line' id='line_1_31' title="bbox 212 3627 1360 3714; baseline 0.002 -23"><span class='ocrx_word' id='word_1_241' title='bbox 212 3627 261 3708; x_wconf 94' lang='grc'>(1)</span> <span class='ocrx_word' id='word_1_242' title='bbox 296 3627 368 3704; x_wconf 83' lang='lat' dir='ltr'>„Ab</span> <span class='ocrx_word' id='word_1_243' title='bbox 398 3627 456 3691; x_wconf 90' lang='lat' dir='ltr'>ea’&#39;</span> <span class='ocrx_word' id='word_1_244' title='bbox 489 3628 528 3693; x_wconf 93' lang='lat' dir='ltr'>ab</span> <span class='ocrx_word' id='word_1_245' title='bbox 560 3630 629 3692; x_wconf 91' lang='lat' dir='ltr'>eius</span> <span class='ocrx_word' id='word_1_246' title='bbox 660 3630 777 3693; x_wconf 92' lang='lat' dir='ltr'>animo.</span> <span class='ocrx_word' id='word_1_247' title='bbox 849 3627 901 3692; x_wconf 82' lang='lat' dir='ltr'>Sic</span> <span class='ocrx_word' id='word_1_248' title='bbox 926 3631 1068 3714; x_wconf 90' lang='lat' dir='ltr'>apposite</span> <span class='ocrx_word' id='word_1_249' title='bbox 1091 3628 1173 3694; x_wconf 91' lang='lat' dir='ltr'>Don.</span> <span class='ocrx_word' id='word_1_250' title='bbox 1242 3627 1291 3694; x_wconf 92' lang='lat' dir='ltr'>IP</span> <span class='ocrx_word' id='word_1_251' title='bbox 1315 3628 1360 3707; x_wconf 92' lang='grc'>(2)</span> 
     </span>
     <span class='ocr_line' id='line_1_32' title="bbox 168 3730 1313 3818; baseline 0.002 -21"><span class='ocrx_word' id='word_1_252' title='bbox 168 3755 229 3798; x_wconf 92' lang='lat' dir='ltr'>non</span> <span class='ocrx_word' id='word_1_253' title='bbox 254 3730 356 3818; x_wconf 91' lang='lat' dir='ltr'>„pelli</span> <span class='ocrx_word' id='word_1_254' title='bbox 379 3732 509 3810; x_wconf 86' lang='lat' dir='ltr'>facito&#39;’,</span> <span class='ocrx_word' id='word_1_255' title='bbox 533 3733 587 3798; x_wconf 89' lang='lat' dir='ltr'>sed</span> <span class='ocrx_word' id='word_1_256' title='bbox 611 3732 776 3818; x_wconf 89' lang='lat' dir='ltr'>„pellito&#39;’.</span> <span class='ocrx_word' id='word_1_257' title='bbox 1230 3734 1262 3799; x_wconf 74' lang='lat' dir='ltr'>S.</span> <span class='ocrx_word' id='word_1_258' title='bbox 1287 3756 1313 3799; x_wconf 91' lang='lat' dir='ltr'>c.</span> 
     </span>
    </p>

    <p class='ocr_par' dir='ltr' id='par_1_11' title="bbox 211 3835 1364 3925">
     <span class='ocr_line' id='line_1_33' title="bbox 211 3835 1364 3925; baseline -0.001 -21"><span class='ocrx_word' id='word_1_259' title='bbox 211 3838 283 3904; x_wconf 88' lang='lat' dir='ltr'>Ibid</span> <span class='ocrx_word' id='word_1_260' title='bbox 305 3837 345 3902; x_wconf 92' lang='lat' dir='ltr'>ll</span> <span class='ocrx_word' id='word_1_261' title='bbox 372 3835 493 3904; x_wconf 78' lang='lat' dir='ltr'>Censen</span> <span class='ocrx_word' id='word_1_262' title='bbox 512 3860 605 3925; x_wconf 87' lang='lat' dir='ltr'>posse</span> <span class='ocrx_word' id='word_1_263' title='bbox 625 3861 677 3904; x_wconf 89' lang='lat' dir='ltr'>me</span> <span class='ocrx_word' id='word_1_264' title='bbox 698 3839 867 3904; x_wconf 91' lang='lat' dir='ltr'>obfirmare</span> <span class='ocrx_word' id='word_1_265' title='bbox 880 3842 1019 3925; x_wconf 88' lang='lat' dir='ltr'>perpeti,</span> <span class='ocrx_word' id='word_1_266' title='bbox 1033 3861 1072 3905; x_wconf 96' lang='lat' dir='ltr'>ne</span> <span class='ocrx_word' id='word_1_267' title='bbox 1084 3840 1210 3906; x_wconf 89' lang='lat' dir='ltr'>redeam</span> <span class='ocrx_word' id='word_1_268' title='bbox 1223 3836 1364 3904; x_wconf 82' lang='lat' dir='ltr'>interea?</span> 
     </span>
    </p>

    <p class='ocr_par' dir='ltr' id='par_1_12' title="bbox 165 3942 1364 4246">
     <span class='ocr_line' id='line_1_34' title="bbox 211 3942 1364 4030; baseline 0 -22"><span class='ocrx_word' id='word_1_269' title='bbox 211 3944 292 4010; x_wconf 89' lang='lat' dir='ltr'>Don.</span> <span class='ocrx_word' id='word_1_270' title='bbox 327 3943 374 4023; x_wconf 92' lang='grc'>(2)</span> <span class='ocrx_word' id='word_1_271' title='bbox 405 3942 477 4009; x_wconf 90' lang='lat' dir='ltr'>Ideo</span> <span class='ocrx_word' id='word_1_272' title='bbox 507 3945 593 4009; x_wconf 91' lang='lat' dir='ltr'>hunc</span> <span class='ocrx_word' id='word_1_273' title='bbox 624 3949 718 4030; x_wconf 86' lang='lat' dir='ltr'>putat</span> <span class='ocrx_word' id='word_1_274' title='bbox 749 3967 812 4010; x_wconf 94' lang='lat' dir='ltr'>non</span> <span class='ocrx_word' id='word_1_275' title='bbox 843 3966 987 4022; x_wconf 88' lang='lat' dir='ltr'>censere,</span> <span class='ocrx_word' id='word_1_276' title='bbox 1022 3947 1097 4030; x_wconf 90' lang='lat' dir='ltr'>quia</span> <span class='ocrx_word' id='word_1_277' title='bbox 1126 3949 1195 4029; x_wconf 90' lang='lat' dir='ltr'>ipse</span> <span class='ocrx_word' id='word_1_278' title='bbox 1218 3944 1364 4029; x_wconf 90' lang='lat' dir='ltr'>desperat</span> 
     </span>
     <span class='ocr_line' id='line_1_35' title="bbox 165 4049 1360 4136; baseline 0.001 -22"><span class='ocrx_word' id='word_1_279' title='bbox 165 4049 231 4115; x_wconf 89' lang='lat' dir='ltr'>fieri</span> <span class='ocrx_word' id='word_1_280' title='bbox 255 4070 358 4135; x_wconf 90' lang='lat' dir='ltr'>posse.</span> <span class='ocrx_word' id='word_1_281' title='bbox 428 4049 477 4114; x_wconf 93' lang='lat' dir='ltr'>IP</span> <span class='ocrx_word' id='word_1_282' title='bbox 497 4053 588 4115; x_wconf 84' lang='lat' dir='ltr'>iuxta</span> <span class='ocrx_word' id='word_1_283' title='bbox 609 4053 718 4136; x_wconf 87' lang='lat' dir='ltr'>posuit</span> <span class='ocrx_word' id='word_1_284' title='bbox 738 4072 834 4114; x_wconf 90' lang='lat' dir='ltr'>sunm</span> <span class='ocrx_word' id='word_1_285' title='bbox 855 4050 919 4130; x_wconf 82' lang='lat'><strong>(3):</strong></span> <span class='ocrx_word' id='word_1_286' title='bbox 941 4052 1036 4116; x_wconf 87' lang='lat' dir='ltr'>verbe</span> <span class='ocrx_word' id='word_1_287' title='bbox 1057 4057 1132 4114; x_wconf 90' lang='lat' dir='ltr'>sunt</span> <span class='ocrx_word' id='word_1_288' title='bbox 1150 4050 1360 4136; x_wconf 87' lang='lat' dir='ltr'>desperantis;</span> 
     </span>
     <span class='ocr_line' id='line_1_36' title="bbox 165 4155 1293 4246; baseline 0.002 -25"><span class='ocrx_word' id='word_1_289' title='bbox 165 4179 226 4221; x_wconf 92' lang='lat' dir='ltr'>non</span> <span class='ocrx_word' id='word_1_290' title='bbox 252 4155 423 4232; x_wconf 87' lang='lat' dir='ltr'>„firmare”</span> <span class='ocrx_word' id='word_1_291' title='bbox 450 4156 503 4220; x_wconf 93' lang='lat' dir='ltr'>sed</span> <span class='ocrx_word' id='word_1_292' title='bbox 529 4157 738 4234; x_wconf 84' lang='lat' dir='ltr'>„obfirmare”</span> <span class='ocrx_word' id='word_1_293' title='bbox 755 4157 789 4236; x_wconf 92' lang='lat'>¹),</span> <span class='ocrx_word' id='word_1_294' title='bbox 813 4181 875 4222; x_wconf 91' lang='lat' dir='ltr'>non</span> <span class='ocrx_word' id='word_1_295' title='bbox 904 4159 1012 4246; x_wconf 83' lang='lat' dir='ltr'>„peti”</span> <span class='ocrx_word' id='word_1_296' title='bbox 1037 4157 1090 4222; x_wconf 93' lang='lat' dir='ltr'>sed</span> <span class='ocrx_word' id='word_1_297' title='bbox 1117 4158 1293 4242; x_wconf 87' lang='lat' dir='ltr'>„perpeti’&#39;.</span> 
     </span>
    </p>

    <p class='ocr_par' dir='ltr' id='par_1_13' title="bbox 212 4260 888 4348">
     <span class='ocr_line' id='line_1_37' title="bbox 212 4260 888 4348; baseline 0 -21"><span class='ocrx_word' id='word_1_298' title='bbox 212 4262 332 4328; x_wconf 83' lang='lat' dir='ltr'>Sabb.</span> <span class='ocrx_word' id='word_1_299' title='bbox 358 4260 441 4326; x_wconf 85' lang='lat' dir='ltr'>mele</span> <span class='ocrx_word' id='word_1_300' title='bbox 465 4265 650 4348; x_wconf 87' lang='lat' dir='ltr'>proscripsit</span> <span class='ocrx_word' id='word_1_301' title='bbox 673 4263 720 4343; x_wconf 91' lang='grc'>(2)</span> <span class='ocrx_word' id='word_1_302' title='bbox 744 4285 805 4327; x_wconf 93' lang='lat' dir='ltr'>non</span> <span class='ocrx_word' id='word_1_303' title='bbox 830 4263 888 4343; x_wconf 89' lang='grc'>(3).</span> 
     </span>
    </p>
   </div>
   <div class='ocr_carea' id='block_1_3' title="bbox 199 4489 843 4564">
    <p class='ocr_par' dir='ltr' id='par_1_14' title="bbox 199 4489 843 4564">
     <span class='ocr_line' id='line_1_38' title="bbox 199 4489 843 4564; baseline -0.002 -22"><span class='ocrx_word' id='word_1_304' title='bbox 199 4493 225 4559; x_wconf 94' lang='grc'>1)</span> <span class='ocrx_word' id='word_1_305' title='bbox 245 4495 279 4564; x_wconf 72' lang='lat' dir='ltr'>lle</span> <span class='ocrx_word' id='word_1_306' title='bbox 297 4490 342 4540; x_wconf 88' lang='lat' dir='ltr'>hoc</span> <span class='ocrx_word' id='word_1_307' title='bbox 360 4489 430 4540; x_wconf 83' lang='lat' dir='ltr'>verbo</span> <span class='ocrx_word' id='word_1_308' title='bbox 447 4490 501 4540; x_wconf 87' lang='lat' dir='ltr'>ride</span> <span class='ocrx_word' id='word_1_309' title='bbox 519 4490 597 4540; x_wconf 82' lang='lat' dir='ltr'>adnot.</span> <span class='ocrx_word' id='word_1_310' title='bbox 616 4489 727 4541; x_wconf 78' lang='lat' dir='ltr'>Fabiae</span> <span class='ocrx_word' id='word_1_311' title='bbox 746 4491 776 4540; x_wconf 88' lang='lat' dir='ltr'>ad</span> <span class='ocrx_word' id='word_1_312' title='bbox 793 4491 817 4540; x_wconf 89' lang='lat' dir='ltr'>h.</span> <span class='ocrx_word' id='word_1_313' title='bbox 827 4491 843 4541; x_wconf 91' lang='grc'>1.</span> 
     </span>
    </p>
   </div>
   <div class='ocr_carea' id='block_1_4' title="bbox 0 0 1714 5392">
    <p class='ocr_par' dir='ltr' id='par_1_15' title="bbox 0 0 1714 5392">
     <span class='ocr_line' id='line_1_39' title="bbox 0 0 1714 5392; baseline 0 0"><span class='ocrx_word' id='word_1_314' title='bbox 0 0 1714 5392; x_wconf 95' lang='lat' dir='ltr'> </span> 
     </span>
    </p>
   </div>
  </div>
 </body>
</html>
