3418 5392
378 361 421 429 38
898 379 1054 430 nouaque.

381 547 424 612 95
439 546 499 634 (2),
536 549 693 612 imitatori
718 545 762 612 98
774 546 834 630 (1),
867 546 939 611 h.e.
963 545 1105 625 Ilditori,
1130 548 1203 631 qui,
1227 551 1265 611 ut
1288 545 1388 623 solet,
1411 545 1574 612 Donatum

378 657 444 720 suis
468 654 573 719 verbis
597 653 736 718 reddidit
759 652 944 738 addiditque
971 657 1028 731 „ut
1053 651 1229 729 diximus'',
1250 655 1341 737 quasi
1359 653 1429 736 ipse
1450 673 1574 737 quoque

378 766 490 824 auctor
520 760 563 823 sit
595 757 693 824 schol.
730 757 836 842 95(2)
852 758 885 844 ¹).
954 758 981 823 lt
1014 757 1149 844 reliquis
1180 757 1310 823 scholiis
1331 778 1427 843 supra
1448 761 1574 844 scriptis

376 867 517 951 genuina
549 865 699 929 videntur
728 864 768 929 ad
799 863 896 928 Andr.
922 864 983 950 (1),
1007 870 1131 948 praeter
1155 869 1316 948 postrema
1339 864 1474 929 fortasse
1500 863 1572 942 ,ἐξ

378 973 463 1035 enim
488 991 514 1034 o.
528 991 556 1034 e.
569 991 600 1034 n.
614 991 640 1035 e.
656 969 707 1034 v.’'
721 970 759 1054 ²),
784 968 823 1034 ad
847 969 906 1034 Ad.
928 969 987 1055 (1),
1011 975 1138 1054 praeter
1157 968 1414 1034 additamentum
1432 990 1451 1034 a
1470 969 1572 1036 Wese

378 1097 453 1141 nero
477 1081 643 1154 notatum,
668 1080 701 1140 et
724 1074 784 1158 (3).
809 1073 945 1160 Reliqua
969 1077 1200 1161 magistrorum
1223 1081 1371 1161 excerpta
1393 1081 1479 1142 sunt.

423 1288 503 1354 lhid.
530 1289 583 1355 99.
619 1289 722 1370 Quam
745 1291 814 1354 ioco
838 1310 906 1354 rem
930 1288 1065 1354 voluisti
1088 1310 1106 1354 a
1129 1311 1181 1354 me
1205 1291 1332 1358 tandem
1358 1293 1435 1377 quin

618 1396 787 1481 perfeceris

423 1502 472 1587 (3)
497 1500 615 1569 Gontra
634 1502 715 1567 illud
736 1501 883 1579 refertur,
904 1502 988 1588 quod
1007 1504 1054 1568 ait
1073 1502 1247 1567 Phaedria:
1273 1523 1397 1581 „noune
1414 1504 1473 1569 ubi
1491 1503 1573 1569 dixti

378 1629 493 1694 cupere
517 1608 570 1673 te'’
595 1607 677 1693 (85).
747 1607 800 1673 Sic
824 1606 915 1685 Don,
941 1629 1037 1693 quem
1062 1607 1113 1672 ΙΡ
1137 1607 1241 1673 denuo
1267 1616 1423 1695 utsupra
1448 1612 1503 1694 (cf.
1530 1611 1569 1675 91

379 1714 449 1800 (2))
481 1713 609 1800 supplet
640 1713 738 1779 simul
770 1720 802 1779 et
832 1716 964 1800 corrigit
994 1714 1053 1780 hoc
1085 1715 1197 1779 modo:
1229 1714 1279 1798 (4)
1312 1715 1374 1780 Sed
1399 1717 1457 1782 hoo
1481 1717 1574 1782 vehe-

379 1823 518 1886 mentius
550 1826 583 1886 et
614 1821 780 1886 disertius:
815 1840 933 1905 „quam
964 1820 1053 1884 rem”
1086 1822 1208 1905 inquit;
1241 1841 1304 1886 non
1331 1821 1494 1898 „munus”
1520 1821 1573 1886 sad

379 1927 462 2013 quod
494 1925 568 2012 plus
591 1933 639 1992 est
665 1925 786 2004 „rem’',
812 1930 844 1990 et
867 1947 931 1991 non
954 1926 1038 1990 dixit
1063 1925 1187 2003 „serio”
1212 1925 1267 1991 sed
1292 1926 1404 2004 „ioco”
1429 1948 1448 1992 a
1471 1927 1573 1992 facili·

378 2040 444 2098 tate
475 2035 665 2118 praestantis
697 2032 750 2115 (cf.
784 2032 895 2096 eadem
926 2032 1024 2097 verba
1055 2031 1134 2097 Don.
1160 2031 1298 2117 83(4))2
1330 2037 1362 2097 et
1396 2031 1570 2110 „uoluisti”

378 2161 441 2204 non
475 2141 574 2204 etiam
611 2136 775 2215 „dixisti’'.
850 2138 939 2203 Haec
974 2140 1082 2202 omnia
1118 2159 1223 2204 merae
1254 2145 1330 2203 sunt
1359 2159 1483 2225 nugae,
1517 2159 1572 2204 neo

257 2303 258 2308 ,
378 2247 486 2309 miuus
522 2264 558 2308 ea
592 2263 672 2328 quae
708 2247 886 2328 sequuntur
920 2242 959 2307 ad
993 2241 1089 2307 linem
1120 2245 1219 2308 totius
1250 2242 1362 2307 scholii
1386 2244 1447 2327 (5),
1480 2247 1573 2310 ouius

379 2352 510 2414 initium
541 2352 639 2414 etiam
664 2349 788 2415 Wessn.
819 2348 982 2414 inclinatis
1012 2348 1130 2414 litteris
1153 2351 1327 2434 expressit,
1349 2349 1480 2415 effatum
1506 2351 1574 2435 phi·

378 2454 504 2541 losophi
535 2455 656 2521 oraculi
687 2459 789 2521 instar
819 2456 1008 2520 obscurum:
1041 2457 1220 2520 Mirandum
1250 2456 1418 2541 obsequium
1448 2479 1486 2520 eu
1509 2463 1573 2520 uoto

379 2562 473 2625 uuimu'
493 2564 647 2644 peudcue:
669 2585 727 2626 uou
751 2568 899 2644 euepcctut
921 2562 1078 2643 imperium
1101 2585 1138 2626 ue
1161 2562 1311 2644 uoluptati
1333 2585 1415 2625 muru
1437 2561 1481 2626 ait
1504 2563 1573 2625 dum

378 2668 494 2732 tutatur
517 2667 728 2753 Exprobratio
751 2667 926 2734 Phaedriae
945 2667 987 2732 85
1002 2689 1068 2753 sqq.
1094 2689 1205 2734 revera
1224 2689 1286 2734 non
1306 2671 1414 2732 miuus
1434 2672 1484 2732 est
1510 2666 1574 2744 „di-

378 2774 482 2838 serta”
507 2779 539 2838 et
565 2773 779 2850 „vehemens”
802 2795 898 2858 quam
923 2773 1064 2840 Thaidis.

423 2879 542 2944 Sabb.
566 2882 671 2965 igitur
692 2882 808 2946 merito
831 2881 1018 2964 proscripsit
1041 2879 1091 2965 (4)
1115 2884 1147 2944 et
1170 2880 1183 2964 (
1207 2882 1230 2965 ).

422 2984 502 3049 Ibid.
530 2984 593 3049 193
617 2985 736 3051 Verum
760 3007 799 3050 ne
822 2986 899 3050 fiant
921 2988 977 3051 isti
1004 2987 1122 3071 viginti
1146 2985 1213 3050 dies

381 3163 382 3166 Ἴ
423 3089 503 3155 Don.
536 3090 585 3175 (1)
618 3090 741 3168 Facete,
770 3090 949 3169 „biduum”
975 3089 1168 3175 decuplavit.
1237 3088 1289 3153 IP
1313 3088 1361 3174 (2)
1385 3089 1428 3154 llt
1451 3089 1571 3168 simul,

377 3198 452 3280 quia
482 3217 520 3260 ex
553 3196 663 3262 eedem
695 3199 815 3262 ratione
846 3201 922 3260 sunt
944 3198 1064 3282 viginti
1086 3217 1126 3261 ex
1149 3216 1211 3281 qua
1234 3195 1313 3273 duo,
1340 3201 1419 3270 (ct)
1444 3217 1571 3282 exque

375 3305 513 3389 uiginti,
538 3302 681 3380 ducenti,
706 3303 770 3368 duo
795 3302 885 3368 milia
909 3309 941 3368 et
964 3301 1114 3368 similitor
1137 3303 1294 3387 deinceps.
1362 3301 1572 3388 Supplemen·

377 3413 448 3472 tum
480 3429 536 3493 per
566 3415 594 3472 ut
622 3409 714 3472 simut
744 3411 849 3494 specie
880 3409 1032 3488 doctum,
1060 3409 1131 3486 sed,
1163 3411 1191 3474 si
1221 3411 1424 3474 causativum
1449 3408 1569 3496 „quia”

376 3512 571 3588 consideras,
596 3534 707 3579 revera
730 3513 905 3579 delirantis.
1438 3515 1471 3581 S.
1495 3537 1522 3582 c.

421 3617 503 3682 lbid.
531 3616 593 3684 107
608 3619 656 3703 (1)
683 3619 771 3695 „Rus
793 3619 867 3684 iho’'
892 3626 923 3684 et
946 3620 1005 3686 hoc
1029 3623 1223 3686 amatorium
1243 3625 1309 3698 est,
1330 3619 1433 3686 odisse
1455 3622 1568 3687 urbem

376 3726 444 3788 sine
467 3725 579 3788 amica.
604 3724 654 3810 (2)
677 3725 742 3790 Nec
766 3723 850 3789 dixit
874 3726 940 3801 „ibi
964 3725 1051 3803 ero’',
1076 3726 1131 3791 sed
1157 3727 1224 3803 „ibi
1247 3747 1298 3791 me
1324 3726 1521 3793 macerabo”.

422 3828 538 3894 Sabb.
562 3834 737 3915 utrumque
760 3832 901 3908 notavit,
925 3833 1022 3895 nimis
1044 3833 1209 3917 suspicax,
1235 3835 1357 3917 opinor,
1380 3835 1415 3896 in
1438 3834 1499 3920 (1).

422 3935 502 4000 Ibid.
528 3934 592 4000 109
605 3934 654 4021 (2)
687 3934 771 4013 „l'ec
792 3935 843 4000 illi
866 3936 1085 4002 adducantur‘’
1109 3959 1167 4024 pro
1192 3938 1341 4005 adducito
1364 3960 1427 4004 eos.
1497 3939 1569 4005 Hoc

377 4041 476 4118 Don.;
502 4040 666 4127 supplerit
690 4041 756 4107 IP:
782 4041 832 4126 (3)
856 4049 887 4106 et
911 4043 990 4108 hene
1013 4042 1191 4122 adiectum,
1215 4066 1253 4110 ne
1277 4043 1385 4110 diletis
1408 4046 1447 4110 ob
1467 4052 1569 4111 reten-

375 4151 497 4212 tionem
521 4149 709 4213 muueribus
732 4170 795 4213 non
818 4148 1022 4234 procederent
1045 4156 1134 4215 actus
1158 4149 1293 4215 fabulae.
1352 4150 1492 4216 Puerilis
1514 4151 1568 4216 ob·

412 4405 438 4469 1)
457 4404 519 4454 Vide
536 4420 595 4469 quae
612 4421 683 4471 supra
699 4404 811 4455 adnotavi
827 4407 857 4454 sd
875 4406 936 4456 llnn.
953 4407 966 4455 I
986 4407 1008 4455 1.
1020 4406 1066 4455 112
1084 4409 1109 4455 et
1128 4405 1148 4453 V
1168 4407 1224 4457 hh.

408 4488 437 4554 2)
453 4487 533 4552 Igitur
549 4503 675 4554 perperam
691 4488 720 4538 de
737 4488 774 4539 hie
791 4488 889 4539 scholiis
905 4487 1010 4540 iudicavi
1029 4488 1054 4539 in
1072 4491 1165 4540 Maon.
1184 4488 1220 4539 l.t.
