3418 5392
647 405 807 456 unsaros.
1282 387 1326 454 35

179 573 228 655 (2)
260 573 381 639 Deinde
411 595 475 638 non
505 571 635 658 petisti’'
669 572 744 650 „sed
778 571 942 654 „dixisti'’‚
973 592 1030 637 neo
1062 571 1167 650 „velle
1196 573 1249 638 te’'
1274 572 1329 638 sed

136 679 307 766 „eupere'’,
330 702 393 746 non
418 678 587 766 „nigram”
612 679 666 744 sed
692 700 752 757 „ex
775 678 906 755 Aeth.’',
930 699 986 743 nee
1008 678 1123 772 „dediJ’
1145 679 1199 744 sed
1219 678 1331 757 „relie-

134 790 176 852 tis
208 786 304 852 rebus
336 787 485 851 omnibus
516 786 699 872 quaesivi'’:
732 783 809 870 quid
841 784 895 848 hio
926 805 990 849 non
1013 786 1227 869 exquisitum,
1252 785 1329 871 quid

134 915 198 958 non
221 895 269 957 ita
292 913 497 977 expressum,
523 896 560 956 ut
582 889 664 955 nihil
689 890 761 955 addi
785 886 909 975 possit?

181 997 231 1079 (3)
256 997 396 1076 „Porro”
421 997 534 1063 deiude
558 996 611 1062 vel
633 1002 743 1082 postea
767 994 819 1061 vel
842 994 948 1066 multo
971 1000 1054 1082 poet.

184 1103 232 1183 (4)
258 1103 452 1181 „Eunuchos
475 1124 493 1167 a
516 1103 623 1168 Persis
646 1105 813 1167 institutos
837 1101 987 1187 putant'',
1011 1107 1086 1167 eett.

183 1210 233 1290 (5)
265 1208 347 1274 Vide
378 1208 669 1295 quemadmodum,
709 1213 747 1273 ut
778 1210 882 1272 maius
914 1207 1010 1295 faeiat
1040 1207 1123 1293 quod
1153 1209 1331 1292 praestitit,

138 1337 200 1381 non
232 1313 333 1380 semel
365 1317 506 1400 imputat
537 1314 600 1380 duo
625 1316 801 1398 mancipia,
826 1313 880 1378 sed
904 1315 1010 1398 primo
1036 1311 1193 1398 puellam,
1219 1313 1331 1378 deinde

138 1421 342 1488 ennuchum:
363 1419 474 1499 illam,
494 1419 580 1505 quia
591 1441 652 1498 „ex
672 1419 802 1498 Aeth.'',
822 1419 921 1497 huno,
943 1421 1018 1504 quia
1039 1416 1143 1496 „solae
1163 1425 1210 1483 ut.
1232 1419 1264 1484 h.
1285 1418 1332 1484 r.'’

137 1528 221 1610 Quid
245 1526 310 1592 tale
335 1525 448 1592 Thaidi
470 1526 581 1592 rivalis
604 1524 712 1591 dedit?
767 1553 769 1558 ·

184 1634 234 1716 (6)
260 1635 416 1712 Εὐνοῦχος
441 1631 556 1711 εἴρηται
583 1639 658 1698 cett.

183 1738 290 1819 88(1)
317 1737 500 1824 „Reginae”
526 1739 661 1815 divites,
686 1737 741 1803 sed
766 1738 1014 1816 ἐμφατικώτερον
1039 1743 1097 1803 ast.

184 1845 233 1926 (2)
256 1844 354 1910 Varie
379 1843 607 1923 „eunuchum”
631 1844 714 1908 dixit
738 1851 769 1908 et
793 1843 907 1909 intulit
932 1843 1037 1922 „hie”,
1063 1850 1100 1906 ut
1123 1840 1216 1928 (prol.
1235 1841 1336 1922 1-3)

143 1954 192 2029 „si
222 1953 394 2036 quisquam
426 1956 492 2028 est,
525 1953 580 2036 qui
614 1998 677 2030 ...,
708 1952 742 2014 in
766 1950 817 2015 his
840 1956 932 2035 poeta
955 1950 1007 2015 hio
1031 1970 1147 2015 nomen
1170 1947 1337 2034 profitetur

143 2055 275 2121 suum''.

187 2161 236 2243 (3)
261 2160 443 2247 „Repperi”
468 2160 540 2246 plus
563 2167 615 2226 est.
635 2183 732 2246 quam
759 2161 877 2239 „emi''.

188 2268 237 2349 (4)
262 2267 306 2332 Et
325 2267 399 2332 vide
420 2288 516 2352 quam
538 2270 675 2353 propriis
696 2274 728 2332 et
748 2265 958 2353 amplissimis
970 2268 1076 2333 verbis
1088 2289 1165 2332 usus
1178 2274 1243 2346 est,
1263 2269 1338 2353 quia

143 2382 175 2441 et
198 2373 351 2440 ancillam
377 2395 438 2451 „ex
461 2374 589 2452 Antist,
614 2381 646 2439 et
669 2375 853 2440 eunuchum
876 2377 999 2460 <„quia
1021 2396 1046 2440 s.
1072 2381 1119 2440 ut.
1140 2375 1189 2439 his
1209 2373 1336 2461 reg.’');

143 2480 234 2547 illam
261 2479 461 2565 „quaesivi’',
487 2481 572 2546 hune
597 2481 776 2567 „repperi''.
817 2552 820 2558 ,

187 2587 236 2668 (5)
261 2585 350 2672 Ergo
374 2585 548 2671 vigilanter
571 2586 721 2652 ancillam
748 2587 946 2672 „quaesivi”,
972 2588 1057 2654 huno
1081 2591 1245 2676 repperi’':
1266 2613 1340 2657 neu·

143 2699 231 2759 trum
256 2694 345 2758 enim
369 2692 483 2757 horum
507 2692 599 2758 sanila
623 2695 766 2778 positum
790 2699 868 2758 erat.

187 2798 238 2878 (6)
268 2797 355 2863 Nota
383 2819 458 2862 eum
490 2799 717 2874 „eunuchum”
749 2797 908 2885 singulari
938 2822 1072 2867 numero
1102 2807 1340 2890 praeposuerit,

147 2903 239 2981 „his”
264 2904 479 2968 subiunxieee.

190 3007 239 3090 (7)
264 3008 328 3074 Sed
352 3008 445 3086 „his”
469 3031 529 3074 non
554 3009 593 3075 ad
616 3011 800 3076 eunuchum
824 3011 968 3091 rettulit,
994 3013 1049 3078 sed
1070 3015 1108 3080 ad
1133 3015 1262 3082 delicias
1282 3023 1340 3084 aut

147 3115 223 3201 quid
254 3114 337 3180 tale:
377 3117 452 3200 quia
482 3114 566 3180 solae
597 3122 734 3181 utuntur
765 3117 951 3183 huiusmodi
983 3118 1106 3184 deliciis
1137 3125 1340 3209 servitiisque

147 3242 287 3308 regnnae.

191 3326 239 3407 (8)
271 3325 315 3391 Et
345 3328 481 3392 oratorie
512 3326 565 3392 hio
594 3327 737 3392 subdidit
767 3328 852 3414 quod
874 3332 907 3394 in
931 3329 1084 3397 ancillula
1108 3336 1340 3417 praetermisit,

148 3435 222 3518 qnia
246 3431 337 3497 nulla
360 3432 565 3518 Aethiopiesa
589 3434 720 3499 honesta
743 3434 806 3500 diei
829 3438 945 3521 potuit.

191 3538 241 3620 (9)
264 3537 308 3604 Et
333 3539 506 3625 „paginae”
531 3539 627 3605 modo
651 3540 768 3606 divites
791 3541 880 3608 dicit.
905 3541 942 3606 ln
966 3543 1097 3609 Phorm.
1118 3543 1145 3625 (Ι
1167 3545 1197 3610 2.
1211 3546 1268 3629 20)
1291 3569 1340 3627 ,„0,

148 3665 257 3732 regem
279 3666 332 3710 me
356 3665 424 3710 esee
448 3647 591 3730 oportuit
601 3641 630 3709 l'’

193 3749 367 3818 Continent
399 3751 475 3816 haee
506 3749 626 3816 scholia
656 3754 886 3839 cuiuscumque
918 3756 992 3819 vitii
1023 3776 1059 3821 ae
1090 3759 1222 3823 virtutis
1246 3763 1343 3844 speei-

149 3859 250 3932 mina,
277 3878 414 3943 quorum
438 3859 522 3922 mira
545 3861 716 3943 permixtio
740 3863 914 3925 commenti
936 3863 1144 3947 interpretem
1169 3865 1208 3928 ad
1228 3867 1342 3931 incitas
1385 3870 1389 3874 ’

150 3963 313 4050 redigunt.

194 4069 315 4135 Statim
349 4081 466 4155 sepono
500 4091 581 4156 quae
615 4071 697 4136 mihi
732 4093 807 4136 eum
838 4071 1030 4139 Sabbadinio
1061 4082 1117 4140 aut
1148 4075 1344 4143 concedenda

155 4173 275 4244 Donato
299 4175 487 4241 videantur:
513 4176 555 4242 85
569 4176 628 4257 (1),
653 4176 707 4255 86,
732 4175 776 4244 87
789 4177 839 4258 (1)
864 4178 913 4258 (4)
935 4179 995 4260 (6),
1018 4179 1062 4244 88
1074 4181 1133 4261 (2),
1158 4190 1215 4248 aut
1240 4182 1342 4250 detra-

150 4278 913 4366 mmffiwwffifflfflmmffl

196 4385 346 4454 Genuina
374 4386 432 4453 illa
461 4395 564 4454 semet
594 4391 663 4474 ipsa
694 4390 878 4456 defendunt.
903 4391 950 4457 De
974 4395 1086 4458 ceteris
1110 4394 1186 4460 haee
1213 4395 1343 4461 dicenda

152 4499 244 4558 sant:
