3418 5392
672 381 827 432 uouirus.
907 391 909 396 ·
1307 364 1349 432 17

152 543 340 613 habeem’':'
366 545 522 632 „quidni”
555 547 657 633 quid
679 549 782 626 nisi,
806 548 867 613 hoc
890 552 938 612 est
961 568 1033 612 cur
1056 568 1134 612 non
1157 546 1350 613 habeam?

154 653 221 718 Ad.
253 652 301 717 III
334 653 366 718 4.
380 652 424 719 20
438 652 485 733 (2)
515 651 594 717 Plus
626 659 674 718 est
706 649 882 738 „quidnil”
913 673 1009 736 quam
1043 653 1250 732 „noveram'’‚
1274 675 1349 719 uam

153 761 244 844 quasi
281 761 413 844 corripit
444 760 645 824 dubitantem
679 759 811 824 dicendo
845 758 979 844 „quidni
987 756 1033 836 ?''‚
1070 765 1107 824 ut
1139 759 1351 824 subaudiatur

156 865 358 943 „noverim'’.
451 865 532 930 Ibid.
563 864 606 931 IV
639 866 670 931 2.
685 864 728 930 34
749 865 797 944 (3)
841 865 981 945 „Quidni
1012 865 1137 930 norim”
1171 868 1351 951 correptius

156 969 312 1056 „quidni”
337 992 394 1056 pro
420 971 518 1056 „quid
542 970 638 1036 nisi”.
710 972 877 1036 Praeterea
901 972 1006 1036 confer
1028 970 1126 1036 Eun.
1151 970 1199 1035 Ill
1224 971 1254 1036 3.
1269 971 1289 1037 2
1304 971 1351 1052 (l)

156 1098 232 1142 nam
265 1076 342 1154 „ni'.'
374 1098 420 1142 ne
452 1077 612 1163 significat
642 1082 674 1142 et
707 1076 788 1155 „ne”
820 1097 913 1142 non:
939 1078 1024 1155 .„ni'’
1056 1098 1114 1162 pro
1146 1077 1228 1156 „ne”
1253 1076 1350 1164 Verg.
1431 1070 1434 1075 ’

156 1181 219 1264 (ΙΙΙ
243 1181 273 1247 6.
288 1180 345 1262 85)
371 1181 451 1260 „leti
475 1182 659 1248 discrimine
683 1181 802 1268 parv0”
829 1187 921 1261 cett.;
948 1181 1029 1262 „ne”
1053 1205 1111 1269 pro
1133 1183 1237 1262 „nou”
1258 1167 1353 1249 Plau·

156 1293 210 1353 tus
235 1309 297 1366 „ne
322 1287 414 1353 vult''
439 1289 546 1373 inquit
568 1309 626 1373 pro
651 1309 734 1365 „non
758 1286 863 1354 vult'’.

201 1392 374 1459 Elmblema
398 1431 440 1442 -
465 1401 509 1458 eat
531 1395 608 1459 eca'm
711 1417 764 1458 cur
786 1417 845 1458 non
870 1432 911 1443 -
959 1415 977 1459 a
1001 1393 1116 1460 Sabb.
1141 1401 1173 1461 et
1197 1395 1350 1461 Wessn.

155 1507 304 1566 notatum
325 1501 460 1565 debetur
479 1504 650 1588 magistro,
673 1522 769 1586 quem
788 1501 929 1567 indicavi
947 1500 1025 1567 olim
1045 1500 1194 1566 litteraA
1214 1502 1351 1582 (Mnem.

157 1606 286 1672 XXXII
310 1628 340 1692 p.
366 1606 432 1672 287
446 1612 538 1692 sqq.)‚
562 1606 684 1691 reliqua
706 1609 808 1692 ipsius
832 1607 949 1673 Donati
968 1613 1061 1685 sunt,
1081 1610 1143 1682 nisi
1162 1610 1234 1693 quis
1254 1610 1351 1674 etiam

156 1712 240 1778 idun.
265 1711 309 1777 IV
333 1711 398 1778 4.7
423 1718 455 1778 et
478 1712 538 1778 Ad.
562 1711 607 1777 IV
630 1712 662 1778 2.
677 1711 719 1776 34
742 1714 962 1778 imitatoribus
985 1713 1058 1778 dare
1082 1712 1185 1777 malit.

203 1817 250 1882 Ill
277 1817 427 1899 2.19(1)
452 1817 557 1896 „Vix”
579 1825 635 1883 aut
655 1819 845 1885 difficile
865 1818 1026 1905 significat
1045 1825 1100 1883 aut
1120 1841 1213 1897 non,
1234 1821 1351 1892 nteit:

159 1945 216 1989 uec
247 1925 318 1989 hoc.
349 1922 496 1989 Lucilius
529 1943 655 2002 „carcer
686 1926 741 1989 vix
772 1945 897 1990 carcere
927 1923 1077 2011 dignus'’.
1158 1924 1201 1990 lv
1227 1924 1353 2004 3.3(2)

159 2029 314 2109 „Scelus”
339 2029 487 2104 αὔξησιςε
513 2030 586 2116 plus
610 2033 694 2095 enim
719 2036 767 2096 est
792 2029 938 2108 „scelus”
963 2052 1058 2115 quam
1085 2029 1292 2110 „scelestus'’,
1316 2043 1354 2095 ut

158 2135 305 2202 Lucilius
338 2157 463 2212 „carcer
486 2159 518 2203 v.
533 2157 560 2201 o.
574 2136 626 2201 d.’'
704 2137 824 2202 Andr.
850 2136 865 2201 I
889 2136 920 2202 2.
936 2136 978 2201 12
1004 2134 1197 2214 „Carnifex”
1221 2143 1278 2202 aut
1300 2158 1353 2203 ex-

159 2241 344 2307 carnificans
375 2242 544 2307 dominum
566 2249 623 2307 aut
645 2245 714 2329 ipse
738 2242 857 2328 dignus
880 2242 1044 2320 carnifice,
1067 2248 1106 2307 ut
1129 2264 1200 2309 caro
1223 2243 1297 2320 fiat,
1320 2242 1354 2307 id

159 2351 209 2412 est
238 2346 388 2412 lanietur.
422 2347 567 2413 Lucilius
599 2347 798 2424 ‚,o.v.c.d.''
876 2347 1033 2415 Phorm.
1059 2346 1089 2412 ΙΙ
1115 2346 1243 2414 3.Α26
1269 2349 1352 2426 „Ain

159 2453 289 2519 taudem
323 2453 450 2518 carcer”
486 2476 550 2519 non
582 2473 821 2519 carcereum
846 2451 872 2534 (l
896 2454 935 2518 of.
963 2454 1026 2534 W.)
1057 2453 1112 2519 sed
1143 2475 1352 2520 carcerem
1417 2440 1420 2446 ¹

158 2560 300 2644 asperius
324 2557 509 2644 appellavit.
534 2558 588 2624 Sic
610 2559 756 2625 Lucilius
777 2581 825 2637 ,‚c.
839 2581 869 2626 v.
883 2581 909 2624 c.
924 2559 977 2624 d.’'
999 2558 1071 2624 Ibid
1089 2559 1116 2624 Β
1136 2559 1179 2624 26
1199 2559 1249 2641 (3)
1269 2580 1354 2638 „car-

159 2665 231 2730 cer”
255 2663 401 2730 Lucilius
424 2686 449 2730 o.
463 2687 494 2731 v.
508 2687 534 2731 c.
548 2665 601 2731 d.''

203 2769 400 2855 Exemplum
439 2769 642 2835 Lucilianum
676 2770 715 2836 D.
755 2770 944 2849 (secundum
976 2770 1127 2836 Wsssn.
1166 2791 1204 2836 ex
1236 2772 1352 2856 Aspre)

158 2883 248 2942 recte
275 2875 425 2941 adhibuit
450 2875 491 2941 ad
514 2876 596 2941 Dun.
621 2876 669 2941 Ill
692 2875 781 2941 219
806 2883 838 2942 et
860 2877 991 2942 Phorm.
1015 2876 1047 2941 II
1073 2876 1102 2942 3.
1117 2875 1171 2955 26,
1195 2879 1352 2954 imitator,

158 2981 209 3046 IP
234 3003 286 3046 me
308 2981 426 3057 iudice,
450 2983 558 3067 inepte
581 2981 620 3047 ad
642 2981 725 3047 Eun.
749 2982 793 3047 IV
818 2982 882 3048 33
906 2990 939 3047 et
961 2983 1058 3048 Andr.
1079 2981 1094 3046 I
1115 2983 1146 3048 2.
1161 2982 1214 3046 12.
1238 2982 1353 3048 Eidem

159 3087 389 3172 imputandum
430 3092 477 3152 est
510 3087 766 3153 additamentum
801 3090 834 3152 iu
868 3088 912 3153 IV
949 3088 978 3153 3.
994 3088 1031 3153 3:
1075 3088 1149 3174 plus
1183 3091 1269 3153 enim
1306 3093 1354 3154 est

164 3191 310 3270 „scelus”
343 3213 440 3276 quam
466 3192 673 3271 „scelostus'',
696 3197 798 3259 immo
822 3215 940 3279 „quam
965 3193 1159 3260 scelerosus'’
1184 3194 1245 3259 hoc
1268 3197 1353 3258 enim

161 3298 321 3383 praecedit
344 3320 391 3364 vs.
418 3298 448 3375 1,
472 3319 617 3364 necnon
641 3302 687 3380 (in
711 3299 842 3365 Phorm.
868 3302 895 3364 A
919 3299 976 3380 26)
1002 3288 1087 3376 gnon
1111 3319 1354 3364 carcereum

160 3404 215 3468 sed
247 3425 273 3469 c.
294 3425 322 3469 a.
344 3405 429 3489 ap.'',
464 3425 539 3469 nam
570 3408 598 3470 is
629 3412 677 3471 est
708 3409 764 3492 qui
793 3407 888 3492 fingit
917 3426 1001 3472 nova
1023 3403 1179 3470 vocabula
1203 3409 1354 3489 ematque

160 3509 335 3574 antithesin
369 3509 610 3587 „sed—non'’.
639 3510 777 3576 Attende
807 3512 910 3576 denuo
941 3509 1194 3596 Compilatorem
1216 3511 1250 3574 in
1273 3513 1354 3576 serie

161 3615 187 3678 A
220 3613 384 3680 rettulisse
417 3621 543 3681 textum
575 3617 614 3681 ab
636 3616 687 3682 IP
711 3605 951 3703 interpolatum,
976 3619 1009 3681 iu
1034 3616 1060 3680 Β
1083 3616 1270 3702 exemplum
1294 3615 1355 3682 Do·

160 3725 292 3785 nateum
316 3719 464 3805 simplex.

207 3825 256 3892 III
279 3825 310 3891 2.
324 3817 367 3890 25
380 3825 429 3906 (3)
453 3825 615 3904 „Sollers”
641 3829 732 3912 quasi
754 3832 843 3916 totus
867 3849 906 3892 ex
929 3832 996 3893 arte
1017 3830 1210 3904 consistens,
1230 3832 1268 3890 ut
1287 3824 1353 3897 ὅλος·

164 3933 194 3995 ἐν
217 3933 332 4012 ἀρετῇ,
357 3932 442 4016 quod
465 3933 574 3998 Latini
598 3929 622 3998 6
643 3933 753 3998 littera
777 3955 835 4018 pro
860 3933 893 3997 H
924 3933 1038 3999 solus
1068 3936 1110 3999 in
1142 3938 1247 4010 arte;
1278 3933 1356 3996 huic

161 4158 252 4224 proleg.
275 4159 301 4208 in
320 4159 393 4222 Verg.
410 4175 433 4222 p.
452 4159 509 4208 184.
526 4158 562 4207 Hi
579 4158 625 4208 loci
642 4158 743 4208 alicuius
761 4159 875 4208 momenti
892 4162 947 4209 suut
965 4161 994 4209 ad
1011 4159 1174 4223 quaestionem
1193 4175 1264 4222 quem
1281 4159 1357 4209 movit

153 4241 382 4298 ‚Wcsrucrua,
408 4239 434 4289 iu
459 4238 521 4289 libro
545 4241 573 4288 do
597 4245 663 4290 Acm.
686 4243 771 4306 Aspm,
794 4243 914 4290 Donatum
937 4257 1023 4307 nempe
1040 4240 1152 4290 Plautina
1170 4243 1293 4291 rettulisse
1309 4257 1357 4290 uon

162 4338 189 4371 ex
214 4337 257 4372 sua
275 4313 358 4387 ‘ipsius
383 4321 477 4381 notitia,
506 4322 546 4371 sed
571 4337 600 4370 cx
625 4323 728 4386 Aspri
752 4323 923 4373 commentario
946 4323 975 4372 ad
999 4323 1147 4372 Terentium.
1179 4323 1244 4388 Quid
1267 4331 1356 4381 autem,

158 4405 179 4453 si
201 4405 310 4454 videmus
332 4405 454 4454 Donatum
478 4404 523 4453 hoc
545 4403 608 4453 idem
629 4403 763 4469 exemplum
780 4406 829 4455 iam
847 4405 924 4456 multo
933 4408 988 4454 autc
1005 4406 1090 4456 citasse
1102 4405 1127 4454 iu
1146 4409 1282 4454 commento
1300 4404 1358 4453 Ver·-

159 4486 267 4550 giliensi

1193 4583 1209 4632 2
