3450 5382
675 371 830 422 nonarus.
1192 423 1194 428 ,
1287 354 1351 422 145

202 537 492 624 interpolator
513 539 686 625 primarius
706 538 855 603 manibus
877 540 981 603 tenuit
999 542 1032 604 et
1051 542 1238 604 retractavit
1257 560 1355 604 com-

159 650 342 710 mentum
373 647 552 730 primum
583 647 686 730 ipsius
716 643 851 722 Donati,
885 644 969 729 quod
999 645 1064 709 iam
1098 649 1169 710 tum
1194 644 1354 730 aliquibus

159 754 390 837 magistrorum
410 751 629 816 notationibus
649 755 717 816 erat
737 754 884 815 ornatum
898 751 931 831 ¹).
990 750 1038 814 Ex
1057 751 1116 815 hac
1132 755 1355 817 retractatione

159 864 267 923 ortum
299 863 348 922 est
379 863 661 923 commentum
695 857 924 922 secundum
956 857 995 921 ab
1018 856 1245 943 interpolatore
1269 877 1357 944 sepa·

159 965 257 1028 ratim
281 962 405 1028 editum
431 964 490 1028 sub
513 962 658 1028 medium
682 961 746 1028 fere
770 961 934 1028 saeculum
958 964 1109 1049 quintum
1122 962 1158 1043 l).
1183 963 1357 1048 Aliquanto

161 1074 250 1157 post,
283 1091 358 1134 cum
389 1072 522 1155 genuini
547 1071 720 1134 commenti
744 1071 899 1134 memoria
921 1071 987 1133 iem
1011 1090 1140 1154 prorsus
1163 1071 1357 1147 interiisset,

163 1177 288 1241 exstitit
321 1173 591 1262 Gompilator
621 1176 677 1260 qni
709 1174 843 1240 confecit
873 1181 1153 1240 commentum
1177 1177 1357 1240 tertium

162 1282 253 1347 nobis
284 1286 459 1346 servatum.
491 1279 550 1345 Ille
582 1281 717 1366 putabat
747 1279 877 1366 quidem
902 1302 935 1345 se
958 1286 1092 1345 tractare
1115 1283 1218 1366 ipsius
1242 1280 1359 1346 Donati

163 1392 397 1466 commentum,
418 1387 473 1452 sed
493 1408 604 1453 revera
623 1389 744 1452 iterum
757 1386 857 1451 edidit
869 1391 1089 1452 commentum
1111 1387 1295 1452 secundo
1308 1409 1357 1465 m,

163 1500 294 1559 auctum
319 1499 368 1559 sat
392 1493 505 1558 multis
530 1493 764 1571 notationibus,
790 1513 870 1578 quae
894 1494 1070 1577 partimin
1090 1495 1237 1578 margine
1256 1495 1359 1579 ipsius

162 1602 337 1665 commenti
361 1601 480 1686 partim
504 1602 538 1664 in
562 1599 741 1664 editionum
766 1597 949 1663 fabularum
974 1599 1176 1684 marginibus
1200 1598 1359 1685 paulatim

163 1706 202 1770 ab
233 1707 331 1770 variis
362 1704 432 1770 ludi
464 1707 644 1791 magistris,
670 1707 917 1790 grammaticam
941 1711 973 1769 et
997 1706 1090 1768 initia
1114 1705 1285 1769 rhetorices
1308 1705 1360 1769 do·

163 1812 324 1888 centibus,
345 1811 505 1877 confectae
526 1817 633 1889 erant;
653 1814 723 1897 ipse
743 1817 851 1876 autem
862 1859 871 1890 ,
891 1816 1018 1896 praeter
1038 1809 1153 1875 harum
1175 1809 1360 1875 notularum

164 1917 408 2004 dispositionem
443 1920 477 1982 in
513 1924 666 1996 contextu
701 1919 875 1983 commenti
910 1916 1057 1993 secundi,
1096 1919 1152 1982 vix
1187 1919 1359 2002 quicquam

163 2025 325 2110 praestitit
357 2023 395 2089 de
427 2044 502 2101 suc,
526 2028 684 2107 quantum
709 2023 812 2089 adhuc
837 2023 947 2100 video,
972 2025 1033 2086 nisi
1057 2022 1140 2108 quod
1164 2021 1359 2087 scholiorum

167 2130 310 2195 ordinem
335 2136 367 2194 et
391 2127 624 2214 copulationem
652 2129 822 2214 aliquoties
845 2134 987 2193 mutasse
1011 2128 1243 2194 existimandus
1267 2135 1326 2193 est.

211 2234 296 2303 Cum
327 2240 436 2300 autem
468 2235 526 2300 hoc
559 2235 700 2301 officium
727 2257 783 2322 per
806 2241 960 2321 quattuor
984 2234 1107 2299 fabulas
1132 2242 1164 2299 et
1189 2235 1360 2299 dimidium

166 2342 230 2407 fere
263 2340 373 2406 sedulo
397 2344 590 2428 peregisset,
615 2344 775 2407 nescimus
799 2363 861 2426 qua
885 2340 1057 2406 festinandi
1079 2362 1173 2406 causa
1196 2347 1323 2407 coactus
1336 2340 1361 2420 ³)

163 2447 330 2513 laborandi
353 2450 510 2512 rationem
533 2448 608 2514 inde
632 2469 651 2514 a
675 2449 878 2514 Phormionis
901 2454 974 2513 actu
998 2447 1029 2512 II
1052 2469 1165 2514 scaena
1187 2447 1234 2512 ΙΙΙ
1255 2449 1361 2513 subito

166 2555 325 2632 mutarit,
356 2553 557 2639 reddiditque
589 2575 651 2620 non
680 2561 787 2619 totum
819 2553 958 2639 amplius
990 2560 1210 2620 commentum
1235 2553 1276 2632 Il,
1309 2554 1362 2618 sed

164 2667 350 2744 excerptum
382 2661 436 2740 (A)
469 2667 564 2746 atque
588 2662 647 2725 hoc
672 2661 771 2725 facere
794 2662 936 2746 perrexit
960 2681 1017 2745 per
1041 2664 1209 2745 sequentes
1234 2680 1362 2725 scaenas

165 2765 205 2830 ad
239 2768 365 2830 exitum
399 2766 543 2843 fabulae,
580 2767 657 2831 dum
690 2761 786 2832 modo
819 2767 941 2852 largius
973 2765 1078 2844 (velut
1109 2765 1152 2831 IV
1176 2765 1206 2844 3,
1234 2765 1258 2828 V
1283 2766 1313 2831 8.
1326 2766 1361 2847 9)

165 2870 260 2936 modo
294 2873 422 2957 parcius
453 2871 559 2951 (velut
583 2872 631 2937 111
655 2873 686 2952 3,
719 2872 761 2937 IV
789 2873 805 2937 l
831 2878 862 2938 et
886 2873 918 2952 2,
943 2871 970 2936 V
994 2871 1024 2950 3,
1050 2872 1081 2949 4,
1108 2871 1141 2950 7)
1173 2872 1359 2957 exemplum

165 2998 261 3042 suum
286 2979 490 3064 excerpebat;
515 2980 574 3044 hoc
598 2980 699 3045 officio
722 2987 851 3065 peracto
875 3000 950 3044 oum
974 2999 1057 3043 nova
1078 2976 1243 3043 laborandi
1265 2978 1361 3043 facul·

165 3088 215 3149 tas
246 3083 298 3148 vel
329 3086 433 3149 otium
465 3087 659 3165 exstitisset,
689 3107 724 3150 ea
755 3106 836 3170 quae
868 3087 1018 3149 omiserat
1048 3084 1253 3170 suppeditare
1280 3086 1362 3148 inco·

166 3187 305 3270 harit4),
331 3189 385 3254 sed
408 3189 493 3256 ultra
517 3214 615 3258 unam
639 3213 785 3258 scaenam
806 3191 838 3256 II
858 3190 878 3257 3
898 3193 1058 3255 nescimus
1078 3210 1141 3274 quo
1162 3211 1237 3254 casu
1257 3188 1361 3256 telum

167 3300 332 3382 pertexere
356 3319 417 3362 non
442 3301 558 3383 potuit.

199 3528 226 3589 1)
244 3527 280 3576 Cl.
299 3541 371 3592 supra
388 3542 412 3590 p.
431 3527 470 3585 10,
488 3526 554 3577 alibi.

198 3609 223 3670 2)
248 3608 288 3657 Sic
313 3611 408 3672 tempus
429 3607 534 3658 indicari
560 3608 663 3659 medium
688 3609 738 3658 iere
755 3609 818 3659 inter
837 3612 1020 3668 Donatum,
1037 3610 1079 3676 qni
1097 3611 1158 3659 teate
1176 3608 1363 3674 discipulo

165 3690 382 3753 Hieronymo
409 3689 508 3754 insignis
534 3691 582 3741 fuit
608 3706 629 3739 a.
654 3693 712 3750 353,
738 3695 762 3740 et
786 3692 891 3742 medium
915 3693 1034 3741 saeculum
1058 3696 1206 3750 sextum,
1225 3694 1282 3740 ante
1299 3693 1364 3755 quod

165 3775 333 3830 commentum,
349 3787 397 3835 quo
414 3787 457 3821 nos
476 3773 578 3833 utimur,
596 3777 679 3822 natum
697 3777 732 3822 est
751 3775 882 3836 (Wessn.
902 3775 926 3823 in
945 3775 1018 3840 praet.
1037 3791 1060 3839 p.
1076 3777 1142 3835 xcv).
1166 3773 1264 3822 Saeculo
1277 3773 1362 3836 quinto

164 3853 262 3903 ineunte
279 3853 357 3902 studia
374 3853 518 3904 Terentiana
537 3856 643 3905 nondum
661 3857 783 3922 consopita
801 3856 872 3906 tuisse
889 3857 956 3905 docet
979 3856 1104 3905 aurini
1122 3855 1319 3904 commentarium
1338 3855 1363 3902 in

166 3938 242 3984 matra
259 3935 401 3984 Terentiana
418 3937 455 3997 (G.
466 3937 493 3986 L.
509 3936 544 3984 VI
563 3939 629 3997 565).

200 4019 228 4079 a)
251 4018 307 4066 Non
325 4017 404 4082 operis
422 4017 501 4066 taedio
519 4018 671 4083 languescere
688 4019 785 4085 incepit,
805 4019 900 4083 opinor,
917 4020 938 4069 is
955 4020 996 4084 qui
1014 4022 1113 4084 portum
1130 4019 1154 4068 in
1172 4021 1298 4083 conspectu
1316 4017 1364 4068 iam

165 4099 274 4158 habebat,
297 4100 338 4147 sed
362 4099 415 4159 aliis
438 4101 521 4149 officiis
544 4101 581 4149 vel
607 4100 689 4150 morbo
706 4101 783 4151 aliove
800 4117 855 4150 casu
874 4103 983 4166 graviore
1001 4102 1137 4166 implicatus
1154 4109 1287 4165 susceptum
1305 4116 1364 4166 opus

166 4181 191 4230 iu
203 4180 299 4230 brevius
313 4181 454 4229 contrahere
468 4182 559 4232 debuit.
580 4183 646 4241 Dein,
662 4199 716 4232 cum
732 4183 885 4249 excerpsisset
901 4187 977 4233 totum
994 4190 1163 4241 commentum,
1179 4184 1208 4231 ad
1223 4182 1365 4247 explendum

166 4262 238 4312 rediit
255 4263 369 4326 quamdiu
388 4263 465 4312 officia
482 4264 527 4313 illa
543 4264 581 4313 val
599 4280 666 4313 casus
683 4265 725 4313 ille
743 4265 820 4315 adhuc
837 4261 1004 4330 permitteret(

198 4346 227 4410 4)
252 4344 317 4393 Hinc
339 4345 429 4394 tactum
447 4349 491 4405 ast,
509 4349 536 4396 ut
555 4346 650 4395 ordinas
666 4349 686 4395 Δ
704 4350 729 4396 at
746 4347 767 4395 B
785 4363 902 4412 nusquam
920 4348 970 4397 iere
986 4347 1076 4397 similia
1092 4345 1228 4404 exhibeant,
1246 4347 1286 4394 sed
1304 4347 1365 4396 altor

163 4428 267 4477 alterum
286 4428 388 4492 expleat,
411 4429 475 4492 quod
493 4445 538 4478 usu
554 4428 635 4478 venire
651 4445 699 4478 non
716 4430 804 4494 potuit,
821 4431 841 4479 si
858 4432 905 4480 duo
923 4434 1077 4495 excerptores
1094 4439 1195 4493 uterque
1211 4445 1254 4478 suo
1271 4430 1370 4479 nomina

165 4512 327 4561 commentum
344 4514 524 4561 retractassent.

1198 4607 1229 4655 lo
