3450 5382
342 355 406 424 174
859 371 1016 423 5555555.

386 539 429 606 IV
452 538 541 604 4.15
577 538 664 604 Μ515
687 538 774 605 dicis.
800 534 892 604 Unde
915 538 985 606 est?
1009 539 1060 604 dic
1083 539 1176 605 clare.

385 648 489 713 Locus
511 644 677 710 intellectu
703 644 869 722 difficilior,
894 647 1040 730 quocirca
1060 645 1223 712 Bentleius
1244 669 1301 733 pro
1323 648 1532 725 „maledicis”

340 755 443 821 dedit:
469 753 574 834 „Quin
598 753 676 817 dicis
700 752 783 816 unde
804 757 853 817 est
873 750 988 818 clare'’.
1010 752 1156 818 Donatus
1178 753 1388 831 „Maledicis”
1409 758 1533 843 Mysidi

339 862 451 940 debat,
483 881 564 946 quae
594 861 640 923 sic
663 861 760 923 tacite
783 861 1033 923 comminaretur
1057 857 1156 924 Davo.
1181 859 1286 925 Hodie
1309 867 1394 927 recte
1418 865 1463 928 sic
1485 866 1536 927 in-

338 971 565 1053 terpretantur,
591 970 628 1029 ut
653 964 780 1042 Davus,
805 971 974 1050 postquam
998 967 1032 1028 in
1057 969 1250 1051 praegressis
1274 967 1433 1033 submissa
1457 991 1535 1035 voce

338 1072 503 1159 Mysidem
534 1070 753 1156 reprehendit,
785 1072 851 1135 iam
883 1069 968 1135 51555
999 1092 1074 1136 voce
1106 1071 1206 1141 dicat:
1234 1072 1344 1149 „Male
1368 1076 1402 1155 (i.
1417 1097 1444 1140 5.
1469 1097 1533 1140 555

337 1179 445 1265 51555)
465 1178 553 1242 dicis.
575 1175 667 1241 Unde
688 1174 758 1241 est?
780 1165 830 1241 dic
851 1174 968 1242 clara”.
1016 1176 1532 1264 Quorundaminterpretationem

337 1285 419 1350 Don.
440 1283 568 1350 rettulit
586 1285 620 1347 15
641 1280 706 1362 (4);
733 1282 871 1362 Quidam
893 1288 1009 1369 putant
1032 1305 1099 1348 csse
1124 1305 1222 1348 unam
1247 1307 1426 1370 personam,
1448 1287 1534 1354 Davi

336 1391 475 1468 scilicet,
501 1389 624 1455 dictum
648 1391 796 1473 superius
816 1388 955 1476 Mysidis
975 1395 1035 1468 (vs.
1056 1389 1121 1471 13),
1142 1411 1207 1454 555
1226 1393 1304 1455 55515
1324 1393 1533 1457 manifestum

337 1495 488 1574 Chremi,
509 1498 543 1559 in
567 1493 733 1560 maledicti
756 1493 1004 1559 similitudinem
1028 1494 1213 1560 derivandis.
1261 1496 1306 1560 Hi
1324 1498 1428 1583 igitur
1447 1505 1533 1564 recte

337 1605 443 1668 omnia
473 1601 562 1667 Davo
594 1600 721 1678 dabant,
746 1599 800 1666 sed
825 1621 990 1686 perperam
1017 1600 1268 1677 „maledictum”
1292 1601 1530 1688 intelligebant.

335 1709 441 1776 Sicine
465 1705 588 1793 Asperl
611 1705 700 1770 15555
723 1709 945 1792 interpretatio
967 1708 1132 1772 veteribus
1156 1728 1221 1772 non
1245 1711 1434 1793 comparuit.

381 1875 477 1950 IV5.
491 1875 532 1940 13
567 1875 786 2046 „Numquame
792 1875 889 1939 huot
891 1873 1058 1940 etulissem
1079 1875 1213 1960 pedem”
1233 1875 1431 1962 Vergilius„
1435 1899 1531 1944 mene

335 1984 443 2050 efferre
476 1980 611 2068 pedem''
647 1987 733 2059 cett,
789 1981 939 2058 ,ferte
971 1981 1067 2046 simul
1096 1983 1252 2068 faunique
1285 1983 1421 2068 pedem''
1454 1991 1531 2050 555.

335 1986 831 2169 (55511655555111)
865 2086 918 2151 sed
943 2089 1046 2151 critici
1070 2085 1264 2153 adnottaan
1247 2088 1344 2154 515155
1369 2110 1435 2154 5555
1459 2091 1532 2156 cha·

335 2201 456 2260 ractere
479 2196 600 2258 comico
627 2198 694 2271 „tet
681 2191 826 2258 tulissem
849 2192 984 2277 pedem'’
989 2240 996 2256 .

381 2298 515 2366 Criticos
536 2299 684 2364 Wessn.
704 2297 911 2383 probabiliter
922 2297 1062 2363 Probum
1077 2299 1218 2384 Asprum
1229 2299 1392 2387 intellegit
1404 2307 1448 2386 (5.
1459 2300 1528 2382 32).

380 2451 408 2517 V
434 2451 498 2517 3.4
523 2453 584 2516 Ain
608 2450 736 2516 tandem

380 2558 427 2640 (1)
458 2558 587 2637 Quaerit
619 2558 743 2622 Probus
778 2556 873 2634 „ain”
899 2577 1075 2642 55555555
1100 2559 1251 2623 orationis
1276 2560 1438 2624 5155555
1463 2580 1528 2624 555

333 2667 386 2731 sit.
419 2664 477 2729 Est
508 2668 618 2729 autem
651 2664 745 2742 ,,515”
778 2666 870 2749 quasi
902 2665 1030 2728 aisne.
1077 2663 1229 2729 Wessn.
1261 2686 1292 2750 p.
1320 2663 1361 2729 19
1382 2687 1428 2750 55.
1461 2667 1526 2730 1555

333 2777 406 2838 5555
393 2771 470 2836 55115
492 2770 637 2836 Suetonii
660 2772 758 2836 verba
782 2769 833 2850 (R.
858 2792 889 2855 p.
917 2769 1029 2851 118),
1031 2773 1140 2844 ‚nimis
1165 2792 1265 2856 55555
1290 2776 1322 2836 55
1345 2775 1463 2857 exigua
1488 2772 1527 2838 dc

332 2878 525 2964 quibusdam
549 2879 684 2941 minutis
707 2883 818 2961 quaest
806 2876 959 2942 tiunculis
984 2876 1116 2942 edidit''¹

378 2984 415 3050 V
448 2982 535 3050 4.25
572 2981 630 3050 Cr.
662 2983 829 3048 Noment
815 2988 884 3048 tam
915 2985 1022 3048 citot
1009 2983 1133 3047 tibi..
1148 2983 1263 3048 ..Pe
1287 2983 1399 3063 Hem,
1431 2986 1524 3069 perii.

332 3090 392 3159 Cr.
416 3090 536 3156 Verum
560 3088 666 3154 hercle
690 3091 801 3174 opinor
824 3090 923 3154 fuisse
947 3089 1105 3154 Phaniam

376 3197 521 3262 Editores
552 3198 683 3281 signum
713 3197 974 3281 interrogationis
998 3200 1122 3280 ponunt
1144 3196 1346 3280 5ο555,,5151”
1350 3245 1357 3262 .
1383 3195 1445 3260 Sed
1468 3217 1527 3262 cur

332 3301 419 3370 Crito
444 3303 504 3367 hoc
527 3307 620 3388 roget
643 3322 703 3366 non
729 3300 878 3385 equidem
902 3302 1074 3386 perspicio:
1100 3300 1183 3365 nihil
1206 3301 1356 3386 estquod
1376 3304 1524 3379 miretur,

331 3407 536 3476 Chremetem
565 3409 631 3472 iam
655 3429 739 3471 nunc
761 3428 877 3472 nomen
902 3428 1062 3492 quaerere.
1088 3406 1158 3493 Ego
1182 3410 1375 3472 sententiam
1399 3407 1525 3493 explico

329 3537 385 3600 per
417 3516 634 3599 aposiopesin,
667 3512 819 3598 supplens
851 3515 1042 3599 cogitatione
1075 3513 1199 3590 „dicere
1223 3513 1382 3598 nequeo'';
1407 3535 1524 3599 nempe

330 3624 414 3699 seni,
439 3627 477 3685 55
500 3621 553 3698 115,
578 3621 638 3685 1555
661 3622 731 3705 1555
755 3623 909 3705 temporis
932 3626 1096 3685 momento
1120 3641 1238 3685 nomen
1262 3621 1380 3686 excidit
1404 3642 1525 3743 memo

328 3730 393 3804 ria,
425 3727 510 3791 unde
541 3725 730 3811 Pamphilus
761 3729 875 3790 anxius
908 3724 1033 3803 „Heml
1058 3725 1160 3811 perii”
1183 3729 1306 3811 15551,
1277 3727 1458 3792 tstased

329 3837 470 3920 resurgit
502 3835 531 3898 ei
558 3834 718 3897 memoria
749 3832 853 3898 adhuc
884 3831 966 3897 levit
953 3838 1001 3897 ter
1033 3831 1181 3897 dubitt
1112 3835 1210 3897 ttitan
1243 3832 1384 3911 „Verum
1413 3833 1522 3899 hercle

330 3943 441 4024 opinor
463 3939 562 4003 fuisse
586 3937 778 4004 Phaniam'fi

374 4045 422 4127 (3)
454 4045 583 4122 „Hem”
609 4050 685 4110 sunt
707 4048 763 4129 qui
787 4050 903 4130 putten
890 4044 1090 4108 Stimonem
1116 4044 1219 4108 dicere
1242 4047 1430 4110 irascentem
1456 4044 1523 4111 tilio

328 4136 492 4220 Critonem
512 4153 724 4218 submonenti.
771 4150 858 4236 lingo
878 4151 912 4214 hi
933 4153 977 4216 sic
998 4151 1256 4236 distinguebant:
1283 4149 1399 4217 Crito
1419 4149 1523 4216 Hem!

328 4259 392 4324 Pe.
425 4259 520 4324 Perii.
561 4259 668 4323 Sicine
703 4258 827 4323 Probus
864 4254 986 4342 Asperl
1029 4257 1255 4323 Bentleius
1290 4257 1349 4323 hoc
1383 4257 1522 4343 probans

327 4367 523 4451 transposuit
556 4365 638 4442 ,,Ρ5.
671 4365 804 4430 Phania.
837 4363 896 4432 Cr.
921 4364 1024 4443 Hem,
1049 4364 1152 4450 perii”
1181 4365 1280 4431 eiecto
1306 4364 1420 4442 „tibi”.
1457 4363 1521 4431 Sed

327 4493 422 4538 nemo
444 4492 519 4537 eum
543 4472 698 4556 seqnitur.
