3418 5392
688 407 846 456 nonanus.
1300 423 1302 428 ·
1340 389 1359 453 5

169 577 277 638 mento
310 593 377 638 esse
408 577 582 659 pott-es
590 575 760 660 3denique
791 574 830 638 de
862 571 1100 640 Commentario
1130 576 1243 660 Aspri,
1269 577 1361 640 cuius

167 701 207 744 ne
238 684 289 744 aet
290 700 324 744 as
353 678 485 764 quidem
513 686 600 746 certo
566 680 826 745 tdehnirit
771 685 852 766 pot
828 685 892 758 est,
917 679 1022 766 qualis
1046 680 1161 759 fuerit,
1186 681 1268 746 nihil
1291 703 1362 746 oon-

168 789 232 850 stat
256 791 346 850 extra
368 784 454 850 locos
477 787 590 851 citatos
615 807 632 851 a
654 785 796 864 Donato,
821 792 854 851 et
877 786 963 871 quod
985 785 1059 851 inde
1083 787 1286 852 coniectando
1306 787 1362 852 ali-

168 897 326 977 quatenus
358 891 473 956 deduci
502 894 620 977 possit,
653 899 691 957 ut
722 894 881 968 iniustum
905 894 948 957 sit
971 894 1091 957 incerta
1112 896 1145 957 et
1167 895 1274 979 ignoti
1297 894 1362 958 fere

167 999 308 1063 hominis
339 1000 534 1084 praestantia
564 999 654 1063 abuti
684 997 723 1062 ad
747 999 910 1063 notissimi
931 998 1073 1062 hominis
1097 999 1218 1063 famam
1243 1000 1362 1065 obtrec-

167 1104 307 1169 tandam.
332 1105 377 1168 At
400 1125 494 1182 vero,
519 1106 617 1169 etiam
641 1107 670 1169 si
690 1125 706 1168 e
725 1109 773 1169 tot
794 1103 990 1169 scholiorum
1009 1103 1154 1169 millibus
1174 1126 1274 1190 pauca
1293 1105 1360 1183 illa,

168 1211 225 1276 ubi
256 1216 381 1277 veteres
413 1213 563 1290 citantur,
594 1212 673 1296 ipsis
704 1207 822 1276 fabulis
845 1231 907 1275 non
929 1211 1263 1296 inspectis·descripta
1287 1218 1362 1276 sunt

168 1339 207 1382 ex
232 1318 333 1404 Aspro
356 1317 409 1382 vel
432 1317 554 1395 Probo,
577 1317 663 1403 quod
686 1317 790 1382 adhuc
813 1338 869 1381 neo
892 1338 975 1402 nego
999 1338 1101 1403 neque
1121 1317 1269 1396 adfirmo,
1289 1317 1382 1383 ideo*

166 1421 232 1488 illis
251 1421 370 1488 Donati
389 1425 584 1501 virtutibus,
605 1444 684 1510 quas
707 1445 803 1509 supra
823 1425 1076 1488 commemoravi
1096 1430 1127 1488 et
1147 1425 1230 1489 unde
1248 1423 1363 1510 ponde-

166 1530 231 1593 rari
255 1528 349 1594 debet
368 1527 563 1594 scholiorum
582 1529 766 1607 authentis,
787 1528 871 1594 nihil
892 1529 1082 1606 detrahitur,
1102 1530 1358 1614 quandoquidem

168 1634 293 1700 dicendi
326 1633 463 1721 elegant
454 1657 501 1718 ιιι,
538 1636 651 1701 iudicii
685 1638 770 1701 sanit
772 1657 805 1700 as
756 1633 999 1700 tsimult
966 1639 999 1700 et
1029 1635 1155 1700 subtilit
1143 1641 1208 1712 tes,
1239 1639 1362 1723 ingenii

168 1762 320 1819 acumen,
353 1740 478 1828 aliaque
504 1742 663 1807 eiusmodi
685 1743 785 1819 bone,
810 1741 944 1807 facultat
897 1746 977 1806 ttes
1002 1747 1078 1806 sunt
1102 1745 1271 1808 anemine
1293 1765 1363 1855 mu-

168 1851 225 1913 tuo
250 1853 361 1934 sumpt
363 1868 399 1913 ae
348 1848 476 1913 tsed
501 1847 573 1914 Aeli
596 1850 753 1934 propriae.

211 1953 280 2019 Iam
311 1975 388 2021 vero
419 1957 510 2020 iuxta
543 1961 654 2039 quaest
655 1958 764 2020 ionem
795 1954 833 2019 de
865 1953 1060 2019 scholiorum
1093 1959 1168 2019 auct
1155 1956 1277 2019 toribus
1300 1954 1362 2019 elis

167 2066 301 2126 estnon
327 2063 435 2126 minus
457 2062 606 2126 intricata
629 2066 661 2126 st
685 2059 823 2125 difficilis
847 2060 885 2125 de
910 2057 1093 2126 Commenti
1115 2064 1361 2150 compositione,

167 2187 282 2252 nempe
314 2187 376 2252 qua
406 2168 529 2232 ratione
559 2167 801 2232 adnotationum
829 2166 955 2252 farrago
980 2169 1115 2252 originis
1137 2173 1168 2232 et
1193 2167 1362 2253 dignitatis

167 2279 235 2338 tam
268 2274 376 2339 variae
407 2271 565 2357 paulatim
595 2271 760 2338 coaluerit.
796 2269 867 2336 Hoc
890 2274 1055 2358 aenigma,
1082 2273 1167 2359 quod
1191 2271 1363 2339 Sabbadini

171 2399 245 2445 vere
279 2377 455 2464 appellavit
491 2377 543 2456 „la
578 2377 678 2464 sfinge
713 2376 913 2442 Donatiana''
949 2377 994 2459 (II
1027 2378 1092 2460 12),
1129 2379 1361 2465 pedetemptim

171 2483 363 2550 solvendum
393 2489 441 2549 est
472 2505 529 2571 per
551 2485 764 2572 hypotheses,
790 2505 870 2568 quae
894 2483 1040 2571 deinceps
1063 2487 1243 2572 ponendae,
1268 2508 1361 2551 exou-

169 2590 311 2668 tiendae,
354 2591 576 2676 corrigendae,
612 2591 797 2656 refutandae
829 2595 922 2668 sunt,
959 2591 1056 2656 donec
1091 2592 1220 2657 tandem
1256 2592 1362 2678 aliqua

167 2701 326 2774 nascatur,
347 2717 427 2781 quae
446 2696 485 2762 ed
502 2699 673 2762 veritatem
686 2697 831 2782 proxime
842 2696 987 2761 accedere
1000 2697 1157 2763 videatur.
1178 2697 1362 2764 Permultas

167 2803 325 2869 eiusmodi
357 2803 525 2868 doctorum
556 2805 753 2868 coniecturas
782 2805 941 2867 recensuit
972 2801 1203 2869 Sahbedini
1235 2804 1295 2884 (St.
1320 2805 1360 2872 It.

166 2909 199 2974 II
223 2907 358 2988 5-15),
385 2910 500 2993 quibus
524 2911 651 2974 reiectis
675 2911 743 2994 ipse
762 2929 879 2998 novam
899 2908 1045 2994 protulit,
1067 2919 1164 2995 quem
1186 2911 1363 2977 Wessne·

167 3035 234 3079 rus
257 3014 407 3099 probavit
431 3020 461 3079 et
485 3019 664 3082 accuratius
687 3019 732 3082 sic
755 3015 924 3102 descripsit
946 3017 981 3078 in
1004 3017 1102 3102 praef.
1127 3039 1158 3102 p.
1183 3033 1308 3102 xnvsq.

215 3118 339 3199 „Quem
375 3123 431 3198 (sc.
467 3118 652 3201 Sabbadini)
687 3123 893 3208 potissimum
929 3126 1059 3185 secutus
1094 3123 1139 3186 sio
1174 3122 1257 3187 mihi
1292 3144 1361 3187 rem

169 3227 352 3311 composui:
385 3227 565 3311 genuinum
589 3226 708 3294 Donati
732 3225 961 3294 Oommentum
984 3229 1019 3290 in
1043 3227 1178 3292 duorum
1203 3234 1362 3314 excerpto

166 3353 242 3397 rum
262 3351 376 3396 manus
394 3331 509 3396 incidit
528 3335 584 3417 qui
603 3336 729 3400 servato
748 3335 887 3398 auctoris
906 3334 1036 3397 nomina
1056 3332 1173 3397 scholia
1185 3335 1362 3399 maximam

167 3443 293 3524 partem
325 3435 398 3521 plus
430 3439 579 3504 minusve
610 3441 836 3506 transformata
863 3441 897 3503 iu
928 3437 1193 3503 Terentianorum
1217 3440 1363 3505 codicum

168 3545 350 3629 marginem
381 3542 623 3610 transtulerunt.
655 3546 850 3611 Procedente
881 3551 1025 3630 tempore
1056 3547 1164 3610 euenit
1194 3551 1233 3609 ut
1256 3549 1363 3612 variae

169 3649 387 3714 adnotationes
417 3649 560 3715 diversae
591 3653 725 3737 originis
756 3653 823 3717 sive
853 3651 893 3715 ab
922 3653 1003 3736 ipsis
1034 3653 1271 3737 excerptoribus
1294 3656 1363 3718 sive

169 3756 209 3820 ab
225 3743 312 3820 'aliis
344 3754 553 3822 edicerentur.
583 3756 668 3823 Tum.
691 3764 781 3823 sexto
805 3755 931 3823 saeculo
947 3756 970 3838 ¹)
994 3760 1101 3824 nescio
1125 3761 1197 3844 quis
1221 3759 1283 3824 duo
1306 3758 1363 3824 illa

168 3861 364 3928 scholiorum
394 3883 526 3948 corpora
555 3864 728 3930 admodum
760 3870 853 3929 aucta
882 3867 916 3928 in
947 3885 1050 3929 unum
1081 3871 1248 3951 cogeret
1218 3864 1362 3943 studuit

168 3976 264 4054 atque
295 3990 364 4033 rem
386 3971 464 4034 ita
455 3973 533 4034 meti
521 3973 643 4036 rtuitu
622 3973 824 4056 utprimum
849 3969 993 4057 singulos
1017 3970 1214 4036 scholiorum
1238 3971 1365 4039 ordines

201 4276 226 4337 1)
252 4272 422 4323 Sebhadini
447 4273 474 4322 Π
497 4274 528 4322 22
552 4274 605 4324 adn.
630 4275 759 4324 commenti
781 4274 858 4323 nostri
880 4277 974 4324 textum
997 4275 1154 4324 conetitntum
1177 4291 1226 4324 oeae
1256 4276 1363 4342 disputet

165 4359 232 4408 iutra
255 4372 315 4406 seeo.
338 4357 375 4406 vl
392 4361 416 4406 et
433 4355 490 4414 VII,
508 4357 689 4406 Wesenerns
706 4357 781 4422 praei.
799 4374 823 4422 p.
840 4370 890 4406 xav
908 4357 1043 4406 accuratius
1060 4360 1155 4422 tempus
1172 4357 1289 4418 definivit,
1306 4375 1359 4408 con·

167 4441 280 4491 cludena=
299 4439 391 4488 ‚Nulla
408 4455 435 4488 re
452 4439 527 4502 igitur
545 4438 699 4503 impedimur,
717 4439 775 4503 quin
793 4439 872 4488 medio
890 4439 939 4486 lere
956 4439 1049 4488 saeculo
1065 4439 1100 4488 VI
1117 4455 1168 4488 eem
1188 4455 1249 4504 quae
1266 4443 1365 4489 aetatem

167 4523 228 4574 tulit
246 4522 391 4572 scholiorum
410 4521 609 4571 Terentianorum
627 4522 788 4572 recensionem
806 4537 855 4570 esse
874 4525 953 4571 ortem
969 4537 1098 4572 sumemus.
