3418 5392
686 405 841 455 noradus.
1320 391 1363 454 45

167 575 268 640 malos
293 595 333 638 011
358 574 448 638 bonis
472 572 663 656 contagione
684 569 771 646 fieri,
795 568 953 654 exemplis
971 570 1005 632 111
1025 589 1161 653 pravum
1183 570 1365 654 praevalen·

167 685 270 748 tibus:
297 678 430 758 „videt”
451 679 532 743 mihi
553 679 613 742 hoo
634 677 783 763 prodesse
804 682 836 741 et
856 675 975 741 discere
996 681 1102 760 optat,
1124 676 1209 761 quod
1228 678 1365 764 negabat

168 810 201 854 se
224 806 329 874 posse.
422 782 527 849 Schol.
552 782 599 864 (5)
622 781 738 847 Sabb.
763 783 883 846 iniuria
905 780 1030 845 Donato
1054 781 1223 846 subtraxit.

213 893 296 958 Ibid.
324 891 367 956 30
397 891 446 955 lbi
471 891 569 955 homo
594 890 698 973 eoepit
722 909 774 952 me
798 888 978 953 obsoecrare

214 1001 297 1065 Don.
322 998 370 1079 (3)
395 997 479 1062 Μ110
502 995 625 1060 addidit
649 992 790 1071 „homo”
808 994 842 1074 ¹).
910 993 961 1058 lP
979 994 1038 1058 hoo
1057 996 1207 1078 opponit:
1229 994 1276 1076 (4)
1296 997 1364 1060 Aut

169 1106 318 1172 additum
348 1123 547 1190 supervacuo
581 1100 718 1178 „homo”
751 1105 788 1164 ut
822 1099 938 1177 „donat
968 1100 1083 1164 habere
1114 1102 1183 1165 viro
1215 1100 1309 1166 doous
1332 1107 1365 1166 et

170 1219 318 1278 tutamen
340 1211 375 1274 in
398 1207 515 1274 armis”
542 1206 652 1292 (Verg.
679 1194 821 1287 11262).
914 1205 1102 1271 Observatio
1126 1211 1158 1272 et
1182 1207 1366 1294 exemplum
1481 1203 1487 1216 '

171 1339 270 1405 aeque
295 1315 448 1400 insipida.
1237 1313 1269 1379 S.
1295 1337 1321 1379 o.

214 1424 296 1489 Ibid.
327 1420 371 1486 37
407 1420 469 1486 Sed
501 1422 735 1485 Parmenonem
766 1425 839 1483 ante
870 1421 991 1484 ostium
1022 1419 1074 1483 hio
1106 1423 1209 1486 astare
1240 1422 1366 1486 tristem

170 1531 282 1606 video,
308 1526 420 1593 rivalis
443 1547 588 1604 servom;
614 1524 778 1592 salvares
803 1531 861 1590 est.

215 1635 264 1716 (1)
297 1632 379 1713 Quia
409 1639 440 1697 et
473 1638 568 1710 „ante
600 1630 742 1697 ostium”
774 1636 806 1695 et
839 1632 988 1707 „tristem
1020 1630 1147 1708 vided’,
1181 1631 1365 1710 „salvares

172 1741 253 1806 est'’.
279 1739 347 1804 Neo
371 1740 432 1804 hoo
455 1737 542 1803 valet
564 1737 604 1802 ad
627 1736 802 1814 laetitiam,
827 1735 911 1821 quod
934 1736 1092 1801 Parmeno
1115 1742 1179 1814 est,
1204 1738 1259 1803 sed
1281 1739 1368 1823 quod

172 1847 283 1912 rivalis
304 1867 427 1911 servus.
478 1844 531 1909 Sis
550 1843 600 1908 IP
620 1846 761 1929 specioso
777 1844 938 1918 acumine,
959 1863 1033 1908 nam
1047 1863 1109 1907 una
1122 1841 1263 1910 laetitiae
1276 1865 1370 1910 eausa

175 1952 357 2030 Gnathoni,
382 1972 456 2016 oum
481 1949 559 2014 dioit
584 1949 765 2027 „salvares
789 1949 869 2028 est'’,
894 1949 971 2014 haee
994 1955 1060 2027 est,
1084 1949 1169 2034 quod
1193 1953 1365 2016 tristem

173 2060 270 2125 illum
293 2065 396 2123 astare
421 2056 520 2123 videt.
564 2063 568 2079 ¹
1240 2055 1273 2122 S.
1297 2079 1322 2122 o.

218 2164 302 2229 Ibid.
324 2163 367 2228 40
391 2161 537 2226 Ρ111111110
556 2160 658 2226 salute
678 2162 910 2226 Parmenonem
931 2182 1097 2226 summum
1113 2183 1209 2228 suurn
1222 2164 1369 2248 impertit

176 2269 315 2336 Gnatho.
341 2268 426 2348 Quid
449 2263 580 2354 agitur?
603 2267 666 2332 Pa.
691 2266 812 2332 Statur.

218 2376 267 2458 (2)
300 2375 388 2440 Haeo
419 2381 487 2439 tota
513 2373 632 2438 locutio
656 2375 843 2459 parasiticae
867 2370 1045 2458 elegantiae
1069 2378 1101 2437 ot
1124 2373 1223 2439 simul
1246 2377 1367 2440 ironiae

174 2482 268 2568 plena
291 2487 355 2558 est,
381 2500 455 2544 nam
476 2485 508 2544 et
528 2477 702 2564 plurimam
723 2478 801 2543 dioit
821 2481 850 2544 ei
870 2478 1025 2557 salutem,
1046 2500 1141 2564 quem
1161 2501 1200 2546 ne
1218 2482 1370 2567 exiguam

175 2588 306 2674 quidem
338 2585 420 2652 velit
449 2587 626 2663 continere,
660 2590 740 2662 <et>
774 2586 983 2662 „summum”
1009 2585 1088 2650 dioit
1112 2607 1205 2663 eum,
1231 2589 1287 2672 qui
1310 2607 1367 2651 neo

174 2693 255 2760 levis
278 2696 402 2758 amious
426 2693 468 2756 sit
491 2691 570 2770 sibi,
594 2697 627 2756 et
651 2691 904 2768 „Parmenonem
926 2689 1087 2769 Gnatho”,
1112 2714 1174 2757 non
1200 2698 1253 2770 „te
1276 2692 1369 2778 ogo''.

174 2799 226 2865 Sia
258 2799 339 2864 Don.
443 2797 493 2860 IP
524 2796 658 2861 Addidit
688 2794 877 2861 flosculum:
909 2795 956 2876 (3)
979 2796 1084 2877 Quam
1108 2804 1259 2875 venuste,
1286 2797 1369 2882 quod

174 2926 342 2970 summum
366 2905 508 2968 amioum
532 2925 593 2968 non
618 2900 771 2967 resalutat
794 2900 968 2967 Parmeno!
1061 2902 1149 2969 ldem
1174 2903 1291 2968 Donati
1316 2903 1370 2969 ad-

174 3009 430 3077 notatiunculae:
456 3011 504 3089 (6)
523 3009 637 3074 Facete
660 3008 805 3086 „statur”
828 3046 870 3057 -
891 3008 1075 3074 subiunxit:
1099 3031 1174 3075 nam
1199 3017 1300 3087 stat,
1319 3012 1371 3074 oui

173 3116 302 3203 ingredi
332 3138 394 3181 non
424 3115 510 3181 licet.
543 3114 579 3178 In
603 3136 664 3201 quo
689 3114 792 3180 denuo
816 3117 952 3193 erravit,
977 3118 1096 3180 etenim
1122 3115 1277 3181 Parmeno
1301 3118 1370 3201 ipse

175 3224 317 3311 profiteri
339 3223 393 3288 hio
417 3225 546 3308 nequit,
571 3221 703 3287 domum
727 3222 852 3308 ingredi
875 3223 937 3287 sibi
964 3242 1025 3287 nou
1049 3221 1154 3288 linere.

1041 3329 1073 3394 S.
1098 3335 1273 3414 utrumque
1297 3349 1323 3392 o.

218 3435 301 3501 Ibid.
327 3435 369 3500 43
406 3434 454 3515 (3)
489 3436 575 3513 „Uro
603 3436 787 3500 hominem’'
821 3435 882 3500 sibi
905 3435 964 3501 hoo
987 3442 1082 3521 gestu
1106 3442 1139 3502 st
1163 3435 1257 3501 vultu
1281 3455 1371 3520 para-

175 3544 267 3608 sitioo
300 3541 389 3606 dioit.
425 3579 466 3590 -
499 3541 547 3622 (4)
578 3548 611 3607 et
635 3541 735 3620 „uro”
759 3563 816 3627 pro
841 3563 877 3606 eo
903 3540 986 3626 quod
1010 3548 1058 3606 est
1082 3541 1187 3610 dolere
1211 3563 1301 3628 rogo,
1327 3579 1370 3590 -

176 3647 223 3728 (5)
254 3647 321 3724 „Ut
352 3645 451 3712 falsus
483 3649 583 3712 animi
614 3647 683 3712 est'’
715 3646 865 3712 similiter
894 3653 926 3712 et
950 3648 1106 3712 Parmeno
1129 3669 1237 3714 seeum
1261 3647 1371 3715 servili

174 3759 280 3838 gestu.
351 3752 470 3818 Sabb.
491 3759 600 3819 mouet
619 3753 666 3832 (4)
685 3752 914 3837 interpolatum
936 3773 1003 3818 esse
1020 3754 1237 3819 intersoholia
1249 3754 1371 3819 similis

174 3857 221 3940 (3)
243 3865 275 3924 et
296 3858 354 3938 (5).
425 3856 474 3924 Of.
499 3858 640 3924 similem
654 3858 847 3924 scholiorum
860 3861 1052 3945 positionem
1066 3859 1108 3925 29
1122 3859 1169 3940 (4)
1182 3860 1240 3941 (5),
1255 3859 1298 3925 30
1311 3859 1369 3940 (1).

219 3965 302 4030 Ibid.
321 3963 363 4028 46
387 3963 449 4029 Sex
467 3986 526 4052 ego
538 3971 631 4042 totos,
646 3966 814 4043 Parmeno,
827 3967 886 4030 hos
898 3970 930 4030 te
943 3987 1067 4031 menses
1079 3968 1226 4050 quietum
1239 3965 1370 4031 reddam

221 4071 269 4154 (1)
295 4069 378 4148 Quid
403 4077 451 4134 est
476 4067 626 4147 „totos’'l
650 4091 689 4135 an
714 4070 826 4136 diebus
850 4075 882 4136 et
902 4072 1065 4150 noctibus,
1086 4078 1198 4156 utpote
1218 4073 1371 4138 amatorie

175 4197 329 4252 servum,
349 4196 385 4239 ao
408 4197 465 4260 per
488 4177 546 4241 hoo
570 4178 638 4241 sine
662 4175 728 4240 ulla
751 4174 947 4242 cessatione?

210 4438 237 4500 1)
261 4435 365 4485 Attouda
387 4435 522 4498 frequentes
545 4434 682 4483 huiusmodi
704 4435 857 4488 brevissimas
879 4435 931 4483 Aeli
949 4435 1121 4493 adnotationes,
1140 4435 1257 4485 lectorum
1275 4433 1372 4497 ingenio

177 4520 281 4584 cogitare
300 4517 458 4580 relinquentis
475 4532 518 4565 our
536 4516 580 4564 hoo
597 4517 704 4566 adnotet.
