3418 5392
352 356 396 423 84
871 375 1031 427 musrus.·

351 541 434 621 apud
455 544 642 620 praetorem:
674 537 723 619 (3)
749 576 790 588 -
815 559 892 625 ergo
926 539 1027 618 „furt-i
1051 545 1084 605 ee
1107 538 1243 627 alligat'?
1278 544 1371 606 ie'um
1394 541 1438 606 ”ee
1454 540 1557 606 e'ffi'cit

352 643 492 722 fraudis,
524 664 600 708 nam
630 651 898 720 μεταλημπτικῶς
930 645 1057 710 furtum
1088 667 1144 731 pro
1171 647 1260 711 omni
1285 644 1357 711 dolo
1382 651 1416 711 et
1441 645 1556 711 fraude

353 751 529 835 accipimus
554 787 596 798 -
620 757 649 814 ct
671 749 800 816 iotario.
827 787 869 800 -
896 749 1065 836 „Adligat”
1090 756 1199 816 autem
1225 751 1401 837 obstringit
1421 757 1454 815 et
1472 750 1557 817 inla-

354 860 449 940 queat
478 860 511 920 et
540 855 714 921 obnoxium
746 856 823 930 facit
846 856 880 936 ¹).
914 893 956 906 -
991 857 1080 921 Omne
1110 857 1207 939 gitur
1239 859 1319 942 qood
1341 859 1466 942 frorodc
1487 861 1553 942 fit,

347 961 473 1045 fortem
496 967 549 1025 eat.
572 998 613 1009 -
633 959 686 1026 Sic
705 959 865 1048 Vergilius
885 962 1034 1027 insidias:
1057 962 1165 1039 „furta
1182 982 1258 1048 paro
1271 961 1369 1028 belli'’
1383 963 1445 1042 (XI
1459 963 1555 1044 515),

353 1064 567 1131 adulterium:
594 1071 647 1145 „et
665 1065 772 1132 dulcia
790 1068 896 1133 furta''
918 1064 972 1149 (G.
992 1067 1035 1132 IV
1056 1067 1147 1148 346),
1167 1075 1261 1133 omne
1275 1067 1398 1133 malum
1411 1070 1552 1134 iactum:

355 1193 456 1258 „quae
480 1175 552 1257 quis
577 1172 661 1258 apud
685 1193 831 1258 superos,
856 1173 941 1239 furto
964 1172 1102 1240 laetatus
1126 1176 1231 1252 inani,
1256 1173 1406 1239 distulit''
1428 1181 1505 1241 cett.

398 1277 478 1343 licea
509 1277 667 1344 scholium
698 1300 801 1343 unum
831 1284 864 1343 et
886 1281 1052 1366 integrum
1076 1279 1194 1345 Donati
1218 1281 1322 1345 tribue
1345 1279 1554 1346 emblematis

352 1389 541 1470 purgatum.
633 1385 681 1464 (5)
714 1383 894 1462 „Furtum”
926 1384 1051 1450 duobus
1075 1385 1181 1450 modis
1205 1385 1342 1451 dicitur:
1367 1406 1451 1465 uno,
1475 1408 1552 1453 cum

354 1511 447 1555 omne
477 1488 671 1555 maleficium
703 1489 897 1576 generaliter
929 1490 1138 1578 significatur,
1162 1490 1280 1570 altero,
1305 1513 1380 1557 cum
1404 1514 1455 1558 ree
1479 1495 1553 1559 sub-

353 1600 445 1680 repta
467 1593 703 1660 demonstratur
711 1616 719 1674 ;
741 1617 825 1661 nuuc
849 1617 926 1682 ergo
951 1596 1074 1675 „furti”
1099 1595 1258 1663 maleficii.
1351 1597 1405 1663 Sic
1428 1597 1552 1678 Editor,

354 1701 620 1786 comprehendens
653 1721 733 1786 quae
764 1701 803 1766 D.
839 1703 942 1768 fusius
974 1705 1145 1788 scripserat
1176 1707 1208 1768 et
1236 1702 1354 1768 addens
1378 1702 1553 1791 vulgarem

355 1811 442 1875 vocis
465 1808 749 1895 significationem,
775 1829 871 1893 quam
895 1809 1011 1874 referre
1035 1808 1117 1874 Don.
1142 1830 1268 1876 necasse
1291 1831 1354 1875 nou
1378 1810 1506 1875 habuit.

399 1912 601 1979 Emblemata
619 1912 676 1979 illa
694 1919 769 1978 sunt
788 1913 1066 2001 magistellorum,
1090 1917 1146 1999 qui
1170 1935 1206 1980 ea
1230 1917 1265 1979 in
1288 1917 1436 2001 margine
1459 1915 1555 1981 adue

354 2024 500 2086 taverant
529 2040 585 2105 per
617 2019 698 2098 „hoo
728 2021 809 2096 est”,
843 2019 928 2099 „et'’‚
962 2021 1126 2106 „igitur'';
1171 2021 1289 2086 horum
1318 2019 1402 2086 infra
1432 2023 1554 2108 magua

353 2127 445 2212 copia
467 2124 605 2190 dabitur.

399 2229 479 2295 Ibid.
504 2230 548 2296 40
582 2229 680 2296 'thais
703 2229 804 2296 militi
828 2231 1016 2316 respondere
1039 2231 1233 2318 dedignatur
1256 2232 1307 2297 his
1330 2232 1479 2298 verbim·

582 2335 703 2416 Quaere
727 2338 783 2422 qui
807 2337 995 2422 respondeat

363 2481 365 2486 ·
400 2440 448 2522 (2)
479 2441 521 2506 Et
552 2443 745 2527 contempsit
774 2444 1029 2529 interrogantem
1053 2448 1085 2507 et
1107 2442 1226 2507 indixit
1248 2443 1458 2522 inimicitias,
1481 2466 1552 2529 pro

356 2548 492 2614 sessione
522 2548 704 2614 iracundiae
736 2569 809 2613 cum
841 2548 920 2614 dicit
949 2549 1122 2635 indignum
1148 2547 1298 2615 militem.
1391 2548 1440 2630 (4)
1465 2548 1551 2616 Satis

354 2655 599 2720 contumeliose:
627 2653 709 2720 illud
731 2657 817 2720 enim
841 2656 1081 2741 quaeritur,
1110 2654 1194 2740 quod
1219 2652 1348 2720 difficile
1372 2658 1533 2740 reperitur
1540 2677 1550 2735 ;

355 2780 449 2846 ergo:
481 2782 544 2826 non
565 2761 659 2826 modo
682 2760 835 2847 indignus
857 2783 909 2840 es,
932 2763 1056 2846 inquit,
1081 2764 1134 2826 oui
1156 2782 1217 2847 ego
1242 2759 1471 2846 respondeam,
1496 2763 1550 2828 sed

355 2870 410 2933 vix
439 2869 582 2932 invenies
614 2869 669 2953 qui
694 2872 724 2932 te
749 2867 885 2953 dignum
909 2888 1057 2953 responso
1080 2867 1211 2932 iudicet.
1304 2865 1511 2932 Alterutrum
1532 2888 1551 2933 a

356 2973 480 3040 Donato
512 2972 758 3039 abiudioandum
791 2979 849 3038 est.
883 2972 969 3038 Illud
1000 2974 1175 3050 nimirum,
1209 2977 1344 3059 propter
1372 2975 1550 3039 orationem

356 3082 464 3145 minus
500 3081 702 3165 perspicuam
736 3084 769 3144 et
801 3081 989 3164 praesertim
1023 3081 1099 3164 quia
1129 3080 1319 3144 inimicitiae
1354 3079 1547 3145 iamdudum

355 3185 493 3251 indictae
516 3190 592 3250 sunt
615 3191 648 3250 et
671 3187 705 3249 in
729 3192 877 3270 apertum
900 3189 1061 3250 certamen
1086 3187 1284 3270 eripuerunt.

402 3291 482 3357 Ibid.
508 3291 549 3356 41
587 3289 677 3356 Thr.
703 3290 787 3372 Quid
810 3312 895 3356 nunc
918 3287 1069 3376 agimus?

401 3397 449 3479 (l)
474 3397 551 3462 Vide
575 3401 613 3462 ut
636 3418 722 3462 nunc
745 3399 912 3464 evanuerit
935 3398 1018 3462 actio
1041 3394 1167 3461 militis.
1244 3394 1433 3480 Sequuntur
1456 3396 1550 3462 haec:

355 3501 466 3569 Primo
487 3502 568 3568 dixit
590 3505 720 3580 „omnia
739 3505 829 3587 prius
849 3503 986 3589 experiri
1006 3522 1102 3586 quam
1122 3502 1221 3565 armis
1241 3503 1419 3587 eapientem
1440 3500 1549 3567 decet’'¹

356 3615 417 3690 (us.
445 3609 510 3690 19),
541 3611 615 3693 post
647 3608 754 3686 „idem
783 3609 843 3674 hoc
876 3614 912 3673 tu
942 3611 1007 3686 ais,
1039 3603 1178 3673 'Phaisi''
1205 3614 1265 3688 (vs.
1287 3606 1355 3686 40),
1387 3612 1548 3692 postremo

358 3715 456 3801 „quid
481 3735 566 3779 nunc
585 3711 767 3801 agimue?”.
849 3714 1115 3779 Additamentum
1134 3716 1301 3778 enuntiata
1320 3715 1483 3778 continere
1505 3712 1550 3777 vii

356 3819 451 3885 detur
475 3840 555 3905 quae
578 3818 693 3884 militis
717 3820 881 3906 ignaviam
905 3820 1046 3886 indicare
1070 3819 1221 3898 debeant,
1247 3819 1383 3885 sednon
1404 3820 1549 3885 cohaeret

356 3947 431 3992 cum
454 3924 654 4012 praecedenti
677 3931 768 4013 parte
792 3926 916 3992 scholii.
940 3928 1039 3991 Amat
1062 3936 1171 3991 autem
1194 3925 1244 3990 IP
1267 3925 1456 3991 huiusmodi
1475 3945 1549 3991 enu-

356 4036 557 4098 merationes.
583 4031 696 4098 Eiidem
717 4034 823 4098 tribuo
843 4032 891 4114 (5)
912 4031 1018 4112 „Quin
1037 4030 1245 4096 redeamus'':
1266 4052 1330 4096 non
1344 4031 1548 4110 „abeamue'’,

355 4139 479 4225 inquit,
504 4138 557 4204 sed
582 4137 802 4218 ‚‚redeamus”,
827 4142 865 4204 ut
887 4141 996 4204 irritos
1021 4145 1152 4204 conatus
1176 4138 1273 4204 verbo
1296 4137 1485 4203 ostenderet.
1551 4195 1552 4202 ,

402 4244 483 4310 Ibid.
508 4244 551 4310 42
587 4242 726 4312 Credin?
784 4339 787 4344 Ι
829 4309 832 4314 .

358 4395 553 4406 --—---

394 4474 419 4538 1)
439 4474 492 4522 Nou
512 4488 567 4522 raro
586 4475 691 4524 Donatus
706 4473 837 4523 locutiones
854 4471 1173 4537 trifarinmintcrpratatur.
1289 4513 1292 4517 .
