<?xml version="1.0" encoding="UTF-8"?>
<!DOCTYPE html PUBLIC "-//W3C//DTD XHTML 1.0 Transitional//EN"
    "http://www.w3.org/TR/xhtml1/DTD/xhtml1-transitional.dtd">
<html xmlns="http://www.w3.org/1999/xhtml" xml:lang="en" lang="en">
 <head>
  <title>
</title>
<meta http-equiv="Content-Type" content="text/html;charset=utf-8" />
  <meta name='ocr-system' content='tesseract 3.04.00' />
  <meta name='ocr-capabilities' content='ocr_page ocr_carea ocr_par ocr_line ocrx_word'/>
</head>
<body>
  <div class='ocr_page' id='page_1' title='image "./decommentidonat00karsgoog_0070.png"; bbox 0 0 3418 5392; ppageno 0'>
   <div class='ocr_carea' id='block_1_1' title="bbox 686 375 1366 446">
    <p class='ocr_par' dir='ltr' id='par_1_1' title="bbox 686 375 1366 446">
     <span class='ocr_line' id='line_1_1' title="bbox 686 375 1366 446; baseline -0.004 0"><span class='ocrx_word' id='word_1_1' title='bbox 686 397 843 446; x_wconf 79' lang='lat' dir='ltr'><strong>nonarus.</strong></span> <span class='ocrx_word' id='word_1_2' title='bbox 1324 375 1366 443; x_wconf 80' lang='lat' dir='ltr'><strong>st</strong></span> 
     </span>
    </p>
   </div>
   <div class='ocr_carea' id='block_1_2' title="bbox 164 560 1371 4347">
    <p class='ocr_par' dir='ltr' id='par_1_2' title="bbox 212 560 740 651">
     <span class='ocr_line' id='line_1_2' title="bbox 212 560 740 651; baseline -0.011 -19"><span class='ocrx_word' id='word_1_3' title='bbox 212 567 260 632; x_wconf 94' lang='lat' dir='ltr'><strong>Ib.</strong></span> <span class='ocrx_word' id='word_1_4' title='bbox 288 564 331 632; x_wconf 83' lang='grc'><strong>72</strong></span> <span class='ocrx_word' id='word_1_5' title='bbox 363 564 530 651; x_wconf 88' lang='lat' dir='ltr'><strong>Numquid</strong></span> <span class='ocrx_word' id='word_1_6' title='bbox 554 584 606 630; x_wconf 91' lang='lat' dir='ltr'><strong>me</strong></span> <span class='ocrx_word' id='word_1_7' title='bbox 629 560 740 628; x_wconf 83' lang='lat' dir='ltr'><strong>aliud?</strong></span> 
     </span>
    </p>

    <p class='ocr_par' dir='ltr' id='par_1_3' title="bbox 171 665 1369 1161">
     <span class='ocr_line' id='line_1_3' title="bbox 212 665 1363 751; baseline -0.006 -13"><span class='ocrx_word' id='word_1_8' title='bbox 212 673 292 738; x_wconf 92' lang='lat' dir='ltr'><strong>Don.</strong></span> <span class='ocrx_word' id='word_1_9' title='bbox 317 672 365 751; x_wconf 90' lang='grc'><strong>(1)</strong></span> <span class='ocrx_word' id='word_1_10' title='bbox 390 670 460 735; x_wconf 87' lang='lat' dir='ltr'><strong>Hoc</strong></span> <span class='ocrx_word' id='word_1_11' title='bbox 484 670 586 736; x_wconf 87' lang='lat' dir='ltr'><strong>dicere</strong></span> <span class='ocrx_word' id='word_1_12' title='bbox 610 670 763 734; x_wconf 88' lang='lat' dir='ltr'><strong>abeuntes</strong></span> <span class='ocrx_word' id='word_1_13' title='bbox 786 667 901 734; x_wconf 81' lang='lat' dir='ltr'><strong>solent.</strong></span> <span class='ocrx_word' id='word_1_14' title='bbox 977 666 1043 731; x_wconf 92' lang='lat' dir='ltr'><strong>IP:</strong></span> <span class='ocrx_word' id='word_1_15' title='bbox 1068 665 1116 746; x_wconf 82' lang='lat'><strong>(2)</strong></span> <span class='ocrx_word' id='word_1_16' title='bbox 1140 665 1182 730; x_wconf 78' lang='lat' dir='ltr'><strong>llt</strong></span> <span class='ocrx_word' id='word_1_17' title='bbox 1202 666 1281 731; x_wconf 92' lang='lat' dir='ltr'><strong>bane</strong></span> <span class='ocrx_word' id='word_1_18' title='bbox 1300 666 1363 746; x_wconf 92' lang='lat' dir='ltr'><strong>hio,</strong></span> 
     </span>
     <span class='ocr_line' id='line_1_4' title="bbox 171 770 1366 864; baseline -0.003 -22"><span class='ocrx_word' id='word_1_19' title='bbox 171 781 246 864; x_wconf 88' lang='lat' dir='ltr'><strong>quia</strong></span> <span class='ocrx_word' id='word_1_20' title='bbox 277 778 425 854; x_wconf 79' lang='lat' dir='ltr'><strong>festinat,</strong></span> <span class='ocrx_word' id='word_1_21' title='bbox 456 775 503 855; x_wconf 88' lang='lat'><strong>(3)</strong></span> <span class='ocrx_word' id='word_1_22' title='bbox 535 781 567 840; x_wconf 93' lang='lat' dir='ltr'><strong>et</strong></span> <span class='ocrx_word' id='word_1_23' title='bbox 591 773 707 852; x_wconf 91' lang='lat' dir='ltr'><strong>simul,</strong></span> <span class='ocrx_word' id='word_1_24' title='bbox 732 775 807 859; x_wconf 90' lang='lat' dir='ltr'><strong>quia</strong></span> <span class='ocrx_word' id='word_1_25' title='bbox 831 774 905 838; x_wconf 92' lang='lat' dir='ltr'><strong>hinc</strong></span> <span class='ocrx_word' id='word_1_26' title='bbox 925 774 1068 837; x_wconf 90' lang='lat' dir='ltr'><strong>nascitur</strong></span> <span class='ocrx_word' id='word_1_27' title='bbox 1092 771 1185 836; x_wconf 91' lang='lat' dir='ltr'><strong>dolus</strong></span> <span class='ocrx_word' id='word_1_28' title='bbox 1209 770 1366 838; x_wconf 83' lang='lat' dir='ltr'><strong>fallendae</strong></span> 
     </span>
     <span class='ocr_line' id='line_1_5' title="bbox 172 877 1367 966; baseline -0.005 -16"><span class='ocrx_word' id='word_1_29' title='bbox 172 885 357 950; x_wconf 90' lang='lat' dir='ltr'><strong>meretricis.</strong></span> <span class='ocrx_word' id='word_1_30' title='bbox 429 882 611 966; x_wconf 88' lang='lat' dir='ltr'><strong>Utrumque</strong></span> <span class='ocrx_word' id='word_1_31' title='bbox 636 903 654 946; x_wconf 92' lang='lat' dir='ltr'><strong>a</strong></span> <span class='ocrx_word' id='word_1_32' title='bbox 675 880 798 945; x_wconf 89' lang='lat' dir='ltr'><strong>Donato</strong></span> <span class='ocrx_word' id='word_1_33' title='bbox 819 879 1086 956; x_wconf 91' lang='lat' dir='ltr'><strong>abiudicandum,</strong></span> <span class='ocrx_word' id='word_1_34' title='bbox 1106 877 1190 943; x_wconf 93' lang='lat' dir='ltr'><strong>illud</strong></span> <span class='ocrx_word' id='word_1_35' title='bbox 1210 881 1367 964; x_wconf 91' lang='lat' dir='ltr'><strong>quianon</strong></span> 
     </span>
     <span class='ocr_line' id='line_1_6' title="bbox 172 982 1369 1077; baseline -0.006 -22"><span class='ocrx_word' id='word_1_36' title='bbox 172 989 306 1077; x_wconf 78' lang='lat' dir='ltr'><strong>quadrat</strong></span> <span class='ocrx_word' id='word_1_37' title='bbox 337 1008 412 1053; x_wconf 92' lang='lat' dir='ltr'><strong>cum</strong></span> <span class='ocrx_word' id='word_1_38' title='bbox 444 988 500 1068; x_wconf 90' lang='grc'>(1),</span> <span class='ocrx_word' id='word_1_39' title='bbox 533 988 592 1052; x_wconf 93' lang='lat' dir='ltr'><strong>hoc</strong></span> <span class='ocrx_word' id='word_1_40' title='bbox 616 988 692 1071; x_wconf 90' lang='lat' dir='ltr'><strong>quia</strong></span> <span class='ocrx_word' id='word_1_41' title='bbox 717 985 847 1064; x_wconf 91' lang='lat' dir='ltr'><strong>„binc’&#39;,</strong></span> <span class='ocrx_word' id='word_1_42' title='bbox 868 987 889 1051; x_wconf 93' lang='lat' dir='ltr'><strong>i.</strong></span> <span class='ocrx_word' id='word_1_43' title='bbox 904 1006 930 1050; x_wconf 93' lang='lat' dir='ltr'><strong>e.</strong></span> <span class='ocrx_word' id='word_1_44' title='bbox 956 1005 996 1049; x_wconf 85' lang='lat' dir='ltr'><strong>ex</strong></span> <span class='ocrx_word' id='word_1_45' title='bbox 1021 983 1080 1048; x_wconf 91' lang='lat' dir='ltr'><strong>hac</strong></span> <span class='ocrx_word' id='word_1_46' title='bbox 1104 983 1262 1061; x_wconf 87' lang='lat' dir='ltr'><strong>formula,</strong></span> <span class='ocrx_word' id='word_1_47' title='bbox 1286 982 1369 1049; x_wconf 85' lang='lat' dir='ltr'>nihil</span> 
     </span>
     <span class='ocr_line' id='line_1_7' title="bbox 171 1089 1319 1161; baseline -0.004 -1"><span class='ocrx_word' id='word_1_48' title='bbox 171 1093 331 1161; x_wconf 87' lang='lat' dir='ltr'><strong>eiusmodi</strong></span> <span class='ocrx_word' id='word_1_49' title='bbox 354 1094 506 1158; x_wconf 90' lang='lat' dir='ltr'><strong>nascitur.</strong></span> <span class='ocrx_word' id='word_1_50' title='bbox 1234 1089 1266 1155; x_wconf 83' lang='lat' dir='ltr'><strong>S.</strong></span> <span class='ocrx_word' id='word_1_51' title='bbox 1292 1111 1319 1155; x_wconf 92' lang='lat' dir='ltr'><strong>c.</strong></span> 
     </span>
    </p>

    <p class='ocr_par' dir='ltr' id='par_1_4' title="bbox 211 1195 816 1286">
     <span class='ocr_line' id='line_1_8' title="bbox 211 1195 816 1286; baseline -0.008 -21"><span class='ocrx_word' id='word_1_52' title='bbox 211 1200 292 1265; x_wconf 91' lang='lat' dir='ltr'><strong>lbid.</strong></span> <span class='ocrx_word' id='word_1_53' title='bbox 320 1196 364 1266; x_wconf 79' lang='lat'><strong>74</strong></span> <span class='ocrx_word' id='word_1_54' title='bbox 398 1196 446 1266; x_wconf 81' lang='lat' dir='ltr'><strong>cf.</strong></span> <span class='ocrx_word' id='word_1_55' title='bbox 471 1219 568 1284; x_wconf 90' lang='lat' dir='ltr'><strong>supra</strong></span> <span class='ocrx_word' id='word_1_56' title='bbox 592 1197 632 1264; x_wconf 93' lang='lat' dir='ltr'><strong>ad</strong></span> <span class='ocrx_word' id='word_1_57' title='bbox 655 1195 671 1261; x_wconf 90' lang='lat'><em>1</em></span> <span class='ocrx_word' id='word_1_58' title='bbox 692 1195 816 1286; x_wconf 18' lang='lat'><strong>41.112.</strong></span> 
     </span>
    </p>

    <p class='ocr_par' dir='ltr' id='par_1_5' title="bbox 212 1300 1319 1387">
     <span class='ocr_line' id='line_1_9' title="bbox 212 1300 1319 1387; baseline -0.005 -17"><span class='ocrx_word' id='word_1_59' title='bbox 212 1304 295 1370; x_wconf 89' lang='lat' dir='ltr'><strong>Ibid.</strong></span> <span class='ocrx_word' id='word_1_60' title='bbox 322 1303 365 1371; x_wconf 82' lang='lat'><strong>76</strong></span> <span class='ocrx_word' id='word_1_61' title='bbox 398 1302 542 1382; x_wconf 80' lang='lat' dir='ltr'><strong>Videbit,</strong></span> <span class='ocrx_word' id='word_1_62' title='bbox 567 1301 778 1387; x_wconf 78' lang='lat' dir='ltr'><strong>colloquetur,</strong></span> <span class='ocrx_word' id='word_1_63' title='bbox 804 1300 907 1366; x_wconf 92' lang='lat' dir='ltr'><strong>aderit</strong></span> <span class='ocrx_word' id='word_1_64' title='bbox 929 1322 994 1370; x_wconf 90' lang='lat' dir='ltr'><strong>uua</strong></span> <span class='ocrx_word' id='word_1_65' title='bbox 1017 1303 1051 1365; x_wconf 93' lang='lat' dir='ltr'><strong>in</strong></span> <span class='ocrx_word' id='word_1_66' title='bbox 1076 1302 1148 1365; x_wconf 88' lang='lat' dir='ltr'><strong>unis</strong></span> <span class='ocrx_word' id='word_1_67' title='bbox 1172 1301 1319 1379; x_wconf 87' lang='lat' dir='ltr'><strong>aedibus,</strong></span> 
     </span>
    </p>

    <p class='ocr_par' dir='ltr' id='par_1_6' title="bbox 400 1406 1368 1596">
     <span class='ocr_line' id='line_1_10' title="bbox 400 1406 1368 1495; baseline -0.006 -19"><span class='ocrx_word' id='word_1_68' title='bbox 400 1406 518 1476; x_wconf 83' lang='lat' dir='ltr'><strong>Cibum</strong></span> <span class='ocrx_word' id='word_1_69' title='bbox 536 1429 780 1495; x_wconf 80' lang='lat' dir='ltr'><strong>nonnumquam</strong></span> <span class='ocrx_word' id='word_1_70' title='bbox 793 1409 898 1492; x_wconf 90' lang='lat' dir='ltr'><strong>capiet</strong></span> <span class='ocrx_word' id='word_1_71' title='bbox 910 1428 985 1472; x_wconf 90' lang='lat' dir='ltr'><strong>oum</strong></span> <span class='ocrx_word' id='word_1_72' title='bbox 998 1428 1050 1485; x_wconf 90' lang='lat' dir='ltr'><strong>ea,</strong></span> <span class='ocrx_word' id='word_1_73' title='bbox 1063 1406 1226 1472; x_wconf 86' lang='lat' dir='ltr'><strong>interdurn</strong></span> <span class='ocrx_word' id='word_1_74' title='bbox 1239 1412 1368 1492; x_wconf 88' lang='lat' dir='ltr'><strong>propter</strong></span> 
     </span>
     <span class='ocr_line' id='line_1_11' title="bbox 1180 1512 1334 1596; baseline 0.006 -20"><span class='ocrx_word' id='word_1_75' title='bbox 1180 1512 1334 1596; x_wconf 90' lang='lat' dir='ltr'><strong>[dormiet</strong></span> 
     </span>
    </p>

    <p class='ocr_par' dir='ltr' id='par_1_7' title="bbox 168 1617 1369 2875">
     <span class='ocr_line' id='line_1_12' title="bbox 213 1617 1365 1707; baseline -0.003 -20"><span class='ocrx_word' id='word_1_76' title='bbox 213 1623 262 1704; x_wconf 93' lang='grc'><strong>(1)</strong></span> <span class='ocrx_word' id='word_1_77' title='bbox 287 1623 454 1687; x_wconf 84' lang='lat' dir='ltr'><strong>Amatoria</strong></span> <span class='ocrx_word' id='word_1_78' title='bbox 477 1623 575 1689; x_wconf 90' lang='lat' dir='ltr'><strong>nimis</strong></span> <span class='ocrx_word' id='word_1_79' title='bbox 599 1622 738 1707; x_wconf 91' lang='lat' dir='ltr'><strong>quinque</strong></span> <span class='ocrx_word' id='word_1_80' title='bbox 761 1618 862 1686; x_wconf 86' lang='lat' dir='ltr'><strong>lineas</strong></span> <span class='ocrx_word' id='word_1_81' title='bbox 882 1621 999 1685; x_wconf 86' lang='lat' dir='ltr'><strong>amoris</strong></span> <span class='ocrx_word' id='word_1_82' title='bbox 1018 1623 1186 1684; x_wconf 85' lang='lat' dir='ltr'><strong>exsecutus</strong></span> <span class='ocrx_word' id='word_1_83' title='bbox 1207 1624 1265 1697; x_wconf 92' lang='lat' dir='ltr'><strong>ast,</strong></span> <span class='ocrx_word' id='word_1_84' title='bbox 1286 1617 1365 1684; x_wconf 90' lang='lat' dir='ltr'><strong>adeo</strong></span> 
     </span>
     <span class='ocr_line' id='line_1_13' title="bbox 168 1725 1366 1815; baseline -0.003 -23"><span class='ocrx_word' id='word_1_85' title='bbox 168 1727 351 1815; x_wconf 89' lang='lat' dir='ltr'><strong>diligenter,</strong></span> <span class='ocrx_word' id='word_1_86' title='bbox 375 1733 414 1792; x_wconf 94' lang='lat' dir='ltr'><strong>ut</strong></span> <span class='ocrx_word' id='word_1_87' title='bbox 437 1729 536 1792; x_wconf 91' lang='lat' dir='ltr'><strong>etiam</strong></span> <span class='ocrx_word' id='word_1_88' title='bbox 559 1727 705 1792; x_wconf 89' lang='lat' dir='ltr'><strong>ordinem</strong></span> <span class='ocrx_word' id='word_1_89' title='bbox 729 1725 912 1791; x_wconf 84' lang='lat' dir='ltr'><strong>custodiret.</strong></span> <span class='ocrx_word' id='word_1_90' title='bbox 1005 1725 1154 1803; x_wconf 85' lang='lat' dir='ltr'><strong>Falsum,</strong></span> <span class='ocrx_word' id='word_1_91' title='bbox 1176 1745 1249 1790; x_wconf 92' lang='lat' dir='ltr'><strong>nam</strong></span> <span class='ocrx_word' id='word_1_92' title='bbox 1272 1727 1366 1789; x_wconf 89' lang='lat' dir='ltr'><strong>omit·</strong></span> 
     </span>
     <span class='ocr_line' id='line_1_14' title="bbox 169 1829 1367 1918; baseline -0.003 -20"><span class='ocrx_word' id='word_1_93' title='bbox 169 1839 284 1900; x_wconf 90' lang='lat' dir='ltr'><strong>tuntur</strong></span> <span class='ocrx_word' id='word_1_94' title='bbox 305 1836 401 1899; x_wconf 89' lang='lat' dir='ltr'><strong>tertia</strong></span> <span class='ocrx_word' id='word_1_95' title='bbox 426 1838 529 1899; x_wconf 89' lang='lat' dir='ltr'><strong>tactus</strong></span> <span class='ocrx_word' id='word_1_96' title='bbox 553 1839 586 1898; x_wconf 92' lang='lat' dir='ltr'><strong>et</strong></span> <span class='ocrx_word' id='word_1_97' title='bbox 608 1837 721 1918; x_wconf 90' lang='lat' dir='ltr'><strong>quarta</strong></span> <span class='ocrx_word' id='word_1_98' title='bbox 745 1831 847 1897; x_wconf 91' lang='lat' dir='ltr'><strong>osculi</strong></span> <span class='ocrx_word' id='word_1_99' title='bbox 866 1831 959 1912; x_wconf 85' lang='lat' dir='ltr'><strong>(Don.</strong></span> <span class='ocrx_word' id='word_1_100' title='bbox 982 1831 1021 1896; x_wconf 91' lang='lat' dir='ltr'><strong>ad</strong></span> <span class='ocrx_word' id='word_1_101' title='bbox 1042 1830 1084 1895; x_wconf 87' lang='lat' dir='ltr'><strong>lv</strong></span> <span class='ocrx_word' id='word_1_102' title='bbox 1105 1829 1251 1911; x_wconf 81' lang='lat'><strong>2.12¹);</strong></span> <span class='ocrx_word' id='word_1_103' title='bbox 1273 1836 1367 1916; x_wconf 92' lang='lat' dir='ltr'><strong>putes</strong></span> 
     </span>
     <span class='ocr_line' id='line_1_15' title="bbox 169 1935 1367 2026; baseline -0.004 -22"><span class='ocrx_word' id='word_1_104' title='bbox 169 1963 224 2026; x_wconf 91' lang='lat' dir='ltr'><strong>pro</strong></span> <span class='ocrx_word' id='word_1_105' title='bbox 249 1939 435 2026; x_wconf 86' lang='lat' dir='ltr'><strong>„quinque”</strong></span> <span class='ocrx_word' id='word_1_106' title='bbox 460 1938 684 2025; x_wconf 87' lang='lat' dir='ltr'><strong>corrigendum</strong></span> <span class='ocrx_word' id='word_1_107' title='bbox 709 1959 776 2004; x_wconf 86' lang='lat' dir='ltr'><strong>esse</strong></span> <span class='ocrx_word' id='word_1_108' title='bbox 803 1937 922 2016; x_wconf 91' lang='lat' dir='ltr'><strong>„tres”,</strong></span> <span class='ocrx_word' id='word_1_109' title='bbox 948 1942 1025 2002; x_wconf 92' lang='lat' dir='ltr'><strong>tunc</strong></span> <span class='ocrx_word' id='word_1_110' title='bbox 1045 1935 1143 2001; x_wconf 89' lang='lat' dir='ltr'><strong>schol.</strong></span> <span class='ocrx_word' id='word_1_111' title='bbox 1165 1956 1279 2001; x_wconf 90' lang='lat' dir='ltr'><strong>verum</strong></span> <span class='ocrx_word' id='word_1_112' title='bbox 1301 1939 1367 2013; x_wconf 87' lang='lat' dir='ltr'><strong>est,</strong></span> 
     </span>
     <span class='ocr_line' id='line_1_16' title="bbox 171 2041 1367 2130; baseline -0.007 -17"><span class='ocrx_word' id='word_1_113' title='bbox 171 2052 394 2113; x_wconf 83' lang='lat' dir='ltr'><strong>verumtamen</strong></span> <span class='ocrx_word' id='word_1_114' title='bbox 420 2065 438 2110; x_wconf 92' lang='lat' dir='ltr'><strong>a</strong></span> <span class='ocrx_word' id='word_1_115' title='bbox 461 2044 585 2110; x_wconf 88' lang='lat' dir='ltr'><strong>Donato</strong></span> <span class='ocrx_word' id='word_1_116' title='bbox 606 2043 766 2128; x_wconf 90' lang='lat' dir='ltr'><strong>alienum,</strong></span> <span class='ocrx_word' id='word_1_117' title='bbox 786 2046 843 2130; x_wconf 93' lang='lat' dir='ltr'><strong>qui</strong></span> <span class='ocrx_word' id='word_1_118' title='bbox 865 2045 899 2108; x_wconf 92' lang='lat' dir='ltr'><strong>in</strong></span> <span class='ocrx_word' id='word_1_119' title='bbox 923 2043 971 2123; x_wconf 84' lang='lat'><strong>(3)</strong></span> <span class='ocrx_word' id='word_1_120' title='bbox 995 2064 1064 2108; x_wconf 92' lang='lat' dir='ltr'><strong>rem</strong></span> <span class='ocrx_word' id='word_1_121' title='bbox 1088 2041 1181 2107; x_wconf 91' lang='lat' dir='ltr'><strong>aliter</strong></span> <span class='ocrx_word' id='word_1_122' title='bbox 1201 2044 1367 2128; x_wconf 81' lang='lat' dir='ltr'><strong>expressit.</strong></span> 
     </span>
     <span class='ocr_line' id='line_1_17' title="bbox 170 2146 1368 2232; baseline -0.005 -15"><span class='ocrx_word' id='word_1_123' title='bbox 170 2153 212 2218; x_wconf 85' lang='lat' dir='ltr'><strong>llt</strong></span> <span class='ocrx_word' id='word_1_124' title='bbox 243 2152 320 2219; x_wconf 90' lang='lat' dir='ltr'><strong>vide</strong></span> <span class='ocrx_word' id='word_1_125' title='bbox 352 2173 429 2216; x_wconf 87' lang='lat' dir='ltr'><strong>mox</strong></span> <span class='ocrx_word' id='word_1_126' title='bbox 459 2150 497 2216; x_wconf 90' lang='lat' dir='ltr'><strong>ad</strong></span> <span class='ocrx_word' id='word_1_127' title='bbox 531 2149 572 2216; x_wconf 86' lang='lat'><strong>81</strong></span> <span class='ocrx_word' id='word_1_128' title='bbox 587 2150 645 2231; x_wconf 90' lang='grc'>(1).</span> <span class='ocrx_word' id='word_1_129' title='bbox 716 2150 764 2232; x_wconf 89' lang='grc'><strong>(2)</strong></span> <span class='ocrx_word' id='word_1_130' title='bbox 787 2151 874 2216; x_wconf 91' lang='lat' dir='ltr'><strong>Mire</strong></span> <span class='ocrx_word' id='word_1_131' title='bbox 897 2156 1022 2214; x_wconf 89' lang='lat' dir='ltr'><strong>amator</strong></span> <span class='ocrx_word' id='word_1_132' title='bbox 1046 2171 1109 2214; x_wconf 89' lang='lat' dir='ltr'><strong>nou</strong></span> <span class='ocrx_word' id='word_1_133' title='bbox 1134 2146 1368 2213; x_wconf 86' lang='lat' dir='ltr'><strong>semelaffudit</strong></span> 
     </span>
     <span class='ocr_line' id='line_1_18' title="bbox 169 2254 1369 2343; baseline -0.004 -20"><span class='ocrx_word' id='word_1_134' title='bbox 169 2258 228 2323; x_wconf 93' lang='lat' dir='ltr'><strong>hoc</strong></span> <span class='ocrx_word' id='word_1_135' title='bbox 253 2258 393 2334; x_wconf 90' lang='lat' dir='ltr'><strong>bonum,</strong></span> <span class='ocrx_word' id='word_1_136' title='bbox 417 2256 471 2322; x_wconf 88' lang='lat' dir='ltr'><strong>sed</strong></span> <span class='ocrx_word' id='word_1_137' title='bbox 491 2255 709 2343; x_wconf 86' lang='lat' dir='ltr'><strong>particulatim</strong></span> <span class='ocrx_word' id='word_1_138' title='bbox 731 2256 885 2342; x_wconf 80' lang='lat' dir='ltr'><strong>digessit,</strong></span> <span class='ocrx_word' id='word_1_139' title='bbox 906 2261 944 2320; x_wconf 93' lang='lat' dir='ltr'><strong>ut</strong></span> <span class='ocrx_word' id='word_1_140' title='bbox 964 2257 1068 2320; x_wconf 88' lang='lat' dir='ltr'><strong>maior</strong></span> <span class='ocrx_word' id='word_1_141' title='bbox 1088 2254 1237 2340; x_wconf 89' lang='lat' dir='ltr'><strong>voluptas</strong></span> <span class='ocrx_word' id='word_1_142' title='bbox 1258 2255 1369 2319; x_wconf 87' lang='lat' dir='ltr'><strong>futura</strong></span> 
     </span>
     <span class='ocr_line' id='line_1_19' title="bbox 170 2360 1367 2447; baseline -0.002 -19"><span class='ocrx_word' id='word_1_143' title='bbox 170 2385 236 2429; x_wconf 88' lang='lat' dir='ltr'><strong>esse</strong></span> <span class='ocrx_word' id='word_1_144' title='bbox 266 2369 428 2429; x_wconf 88' lang='lat' dir='ltr'><strong>noscatur.</strong></span> <span class='ocrx_word' id='word_1_145' title='bbox 519 2363 663 2428; x_wconf 90' lang='lat' dir='ltr'><strong>Imitatio</strong></span> <span class='ocrx_word' id='word_1_146' title='bbox 695 2361 796 2428; x_wconf 90' lang='lat' dir='ltr'><strong>libera</strong></span> <span class='ocrx_word' id='word_1_147' title='bbox 819 2383 948 2440; x_wconf 89' lang='lat' dir='ltr'><strong>eorum,</strong></span> <span class='ocrx_word' id='word_1_148' title='bbox 973 2383 1053 2447; x_wconf 91' lang='lat' dir='ltr'><strong>quae</strong></span> <span class='ocrx_word' id='word_1_149' title='bbox 1078 2361 1158 2428; x_wconf 92' lang='lat' dir='ltr'><strong>Dou.</strong></span> <span class='ocrx_word' id='word_1_150' title='bbox 1185 2360 1223 2426; x_wconf 89' lang='lat' dir='ltr'><strong>de</strong></span> <span class='ocrx_word' id='word_1_151' title='bbox 1247 2360 1310 2427; x_wconf 89' lang='lat' dir='ltr'><strong>alia</strong></span> <span class='ocrx_word' id='word_1_152' title='bbox 1333 2381 1367 2426; x_wconf 90' lang='lat' dir='ltr'><strong>re</strong></span> 
     </span>
     <span class='ocr_line' id='line_1_20' title="bbox 170 2465 1364 2550; baseline -0.003 -16"><span class='ocrx_word' id='word_1_153' title='bbox 170 2469 208 2535; x_wconf 88' lang='lat' dir='ltr'><strong>ad</strong></span> <span class='ocrx_word' id='word_1_154' title='bbox 239 2492 288 2536; x_wconf 92' lang='lat' dir='ltr'><strong>vs.</strong></span> <span class='ocrx_word' id='word_1_155' title='bbox 315 2468 356 2536; x_wconf 81' lang='lat'><strong>79</strong></span> <span class='ocrx_word' id='word_1_156' title='bbox 371 2469 420 2550; x_wconf 91' lang='grc'><strong>(2)</strong></span> <span class='ocrx_word' id='word_1_157' title='bbox 451 2470 633 2536; x_wconf 86' lang='lat' dir='ltr'><strong>observasse</strong></span> <span class='ocrx_word' id='word_1_158' title='bbox 658 2468 855 2547; x_wconf 89' lang='lat' dir='ltr'><strong>videbimus,</strong></span> <span class='ocrx_word' id='word_1_159' title='bbox 880 2474 913 2534; x_wconf 90' lang='lat' dir='ltr'><strong>et</strong></span> <span class='ocrx_word' id='word_1_160' title='bbox 936 2468 976 2533; x_wconf 88' lang='lat' dir='ltr'><strong>cf.</strong></span> <span class='ocrx_word' id='word_1_161' title='bbox 1001 2469 1099 2532; x_wconf 88' lang='lat' dir='ltr'><strong>etiam</strong></span> <span class='ocrx_word' id='word_1_162' title='bbox 1124 2467 1161 2533; x_wconf 94' lang='lat' dir='ltr'><strong>ad</strong></span> <span class='ocrx_word' id='word_1_163' title='bbox 1189 2466 1231 2532; x_wconf 82' lang='lat'><strong>60</strong></span> <span class='ocrx_word' id='word_1_164' title='bbox 1255 2472 1286 2532; x_wconf 91' lang='lat' dir='ltr'><strong>et</strong></span> <span class='ocrx_word' id='word_1_165' title='bbox 1311 2465 1364 2530; x_wconf 89' lang='grc'><strong>61.</strong></span> 
     </span>
     <span class='ocr_line' id='line_1_21' title="bbox 171 2573 1366 2663; baseline -0.003 -21"><span class='ocrx_word' id='word_1_166' title='bbox 171 2577 256 2642; x_wconf 88' lang='lat' dir='ltr'><strong>Haeo</strong></span> <span class='ocrx_word' id='word_1_167' title='bbox 275 2578 381 2663; x_wconf 90' lang='lat' dir='ltr'><strong>igitur</strong></span> <span class='ocrx_word' id='word_1_168' title='bbox 400 2575 514 2641; x_wconf 77' lang='lat' dir='ltr'><strong>Sabb.</strong></span> <span class='ocrx_word' id='word_1_169' title='bbox 534 2577 605 2640; x_wconf 91' lang='lat' dir='ltr'><strong>iure</strong></span> <span class='ocrx_word' id='word_1_170' title='bbox 625 2577 828 2660; x_wconf 88' lang='lat' dir='ltr'><strong>proscripsit,</strong></span> <span class='ocrx_word' id='word_1_171' title='bbox 849 2577 968 2640; x_wconf 87' lang='lat' dir='ltr'><strong>iniuria</strong></span> <span class='ocrx_word' id='word_1_172' title='bbox 989 2596 1064 2640; x_wconf 89' lang='lat' dir='ltr'><strong>vero</strong></span> <span class='ocrx_word' id='word_1_173' title='bbox 1080 2573 1138 2655; x_wconf 82' lang='grc'>(3),</span> <span class='ocrx_word' id='word_1_174' title='bbox 1163 2573 1246 2660; x_wconf 91' lang='lat' dir='ltr'><strong>quod</strong></span> <span class='ocrx_word' id='word_1_175' title='bbox 1258 2576 1366 2638; x_wconf 92' lang='lat' dir='ltr'><strong>rectis-</strong></span> 
     </span>
     <span class='ocr_line' id='line_1_22' title="bbox 171 2679 1365 2758; baseline -0.003 -10"><span class='ocrx_word' id='word_1_176' title='bbox 171 2685 290 2748; x_wconf 86' lang='lat' dir='ltr'><strong>simum</strong></span> <span class='ocrx_word' id='word_1_177' title='bbox 320 2691 386 2748; x_wconf 90' lang='lat' dir='ltr'><strong>est:</strong></span> <span class='ocrx_word' id='word_1_178' title='bbox 411 2684 492 2748; x_wconf 90' lang='lat' dir='ltr'><strong>istae</strong></span> <span class='ocrx_word' id='word_1_179' title='bbox 515 2684 600 2747; x_wconf 91' lang='lat' dir='ltr'><strong>euim</strong></span> <span class='ocrx_word' id='word_1_180' title='bbox 625 2687 701 2746; x_wconf 93' lang='lat' dir='ltr'><strong>sunt</strong></span> <span class='ocrx_word' id='word_1_181' title='bbox 725 2683 843 2746; x_wconf 86' lang='lat' dir='ltr'><strong>amoris</strong></span> <span class='ocrx_word' id='word_1_182' title='bbox 867 2679 986 2758; x_wconf 89' lang='lat' dir='ltr'><strong>lineae,</strong></span> <span class='ocrx_word' id='word_1_183' title='bbox 1011 2683 1072 2746; x_wconf 91' lang='lat' dir='ltr'><strong>etsi</strong></span> <span class='ocrx_word' id='word_1_184' title='bbox 1095 2701 1147 2746; x_wconf 88' lang='lat' dir='ltr'><strong>eas</strong></span> <span class='ocrx_word' id='word_1_185' title='bbox 1171 2701 1233 2745; x_wconf 90' lang='lat' dir='ltr'><strong>non</strong></span> <span class='ocrx_word' id='word_1_186' title='bbox 1256 2684 1365 2745; x_wconf 86' lang='lat' dir='ltr'><strong>omnes</strong></span> 
     </span>
     <span class='ocr_line' id='line_1_23' title="bbox 172 2784 1226 2875; baseline -0.003 -21"><span class='ocrx_word' id='word_1_187' title='bbox 172 2797 217 2854; x_wconf 90' lang='lat' dir='ltr'><strong>est</strong></span> <span class='ocrx_word' id='word_1_188' title='bbox 239 2793 437 2875; x_wconf 88' lang='lat' dir='ltr'><strong>persecutus.</strong></span> <span class='ocrx_word' id='word_1_189' title='bbox 496 2786 575 2852; x_wconf 89' lang='lat' dir='ltr'><strong>Vide</strong></span> <span class='ocrx_word' id='word_1_190' title='bbox 598 2807 678 2872; x_wconf 92' lang='lat' dir='ltr'><strong>quae</strong></span> <span class='ocrx_word' id='word_1_191' title='bbox 701 2787 852 2852; x_wconf 89' lang='lat' dir='ltr'><strong>adnotavi</strong></span> <span class='ocrx_word' id='word_1_192' title='bbox 876 2786 915 2852; x_wconf 92' lang='lat' dir='ltr'><strong>ad</strong></span> <span class='ocrx_word' id='word_1_193' title='bbox 937 2784 982 2850; x_wconf 81' lang='lat' dir='ltr'><strong>tv</strong></span> <span class='ocrx_word' id='word_1_194' title='bbox 1006 2785 1094 2851; x_wconf 86' lang='grc'><strong>212</strong></span> <span class='ocrx_word' id='word_1_195' title='bbox 1118 2808 1149 2871; x_wconf 92' lang='lat' dir='ltr'><strong>p.</strong></span> <span class='ocrx_word' id='word_1_196' title='bbox 1175 2784 1226 2851; x_wconf 89' lang='grc'><strong>14.</strong></span> 
     </span>
    </p>

    <p class='ocr_par' dir='ltr' id='par_1_8' title="bbox 172 2871 1365 3080">
     <span class='ocr_line' id='line_1_24' title="bbox 214 2871 1365 2978; baseline -0.003 -20"><span class='ocrx_word' id='word_1_197' title='bbox 214 2892 296 2959; x_wconf 90' lang='lat' dir='ltr'><strong>Ibid.</strong></span> <span class='ocrx_word' id='word_1_198' title='bbox 319 2892 362 2960; x_wconf 83' lang='lat'><strong>79</strong></span> <span class='ocrx_word' id='word_1_199' title='bbox 376 2914 442 2978; x_wconf 92' lang='lat' dir='ltr'><strong>sqq.</strong></span> <span class='ocrx_word' id='word_1_200' title='bbox 468 2890 582 2978; x_wconf 78' lang='lat' dir='ltr'><strong>Capias</strong></span> <span class='ocrx_word' id='word_1_201' title='bbox 602 2897 639 2957; x_wconf 93' lang='lat' dir='ltr'><strong>tu</strong></span> <span class='ocrx_word' id='word_1_202' title='bbox 658 2891 749 2957; x_wconf 91' lang='lat' dir='ltr'><strong>illius</strong></span> <span class='ocrx_word' id='word_1_203' title='bbox 771 2897 940 2958; x_wconf 90' lang='lat' dir='ltr'><strong>vestem...</strong></span> <span class='ocrx_word' id='word_1_204' title='bbox 962 2891 1024 2956; x_wconf 93' lang='lat' dir='ltr'><strong>Pro</strong></span> <span class='ocrx_word' id='word_1_205' title='bbox 1045 2890 1102 2956; x_wconf 92' lang='lat' dir='ltr'><strong>illo</strong></span> <span class='ocrx_word' id='word_1_206' title='bbox 1116 2871 1147 2956; x_wconf 82' lang='lat' dir='ltr'><strong>te</strong></span> <span class='ocrx_word' id='word_1_207' title='bbox 1161 2889 1365 2955; x_wconf 86' lang='lat' dir='ltr'><strong>deducam...</strong></span> 
     </span>
     <span class='ocr_line' id='line_1_25' title="bbox 172 2995 1258 3080; baseline -0.001 -18"><span class='ocrx_word' id='word_1_208' title='bbox 172 2997 215 3064; x_wconf 79' lang='lat' dir='ltr'><strong>&#39;l&#39;e</strong></span> <span class='ocrx_word' id='word_1_209' title='bbox 238 3020 306 3064; x_wconf 86' lang='lat' dir='ltr'><strong>essa</strong></span> <span class='ocrx_word' id='word_1_210' title='bbox 328 2997 425 3062; x_wconf 91' lang='lat' dir='ltr'><strong>illum</strong></span> <span class='ocrx_word' id='word_1_211' title='bbox 449 2997 609 3062; x_wconf 89' lang='lat' dir='ltr'><strong>dicam...</strong></span> <span class='ocrx_word' id='word_1_212' title='bbox 634 2997 684 3062; x_wconf 83' lang='lat' dir='ltr'><strong>&#39;Pu</strong></span> <span class='ocrx_word' id='word_1_213' title='bbox 706 2996 773 3062; x_wconf 91' lang='lat' dir='ltr'><strong>illis</strong></span> <span class='ocrx_word' id='word_1_214' title='bbox 797 2998 902 3062; x_wconf 90' lang='lat' dir='ltr'><strong>fruare</strong></span> <span class='ocrx_word' id='word_1_215' title='bbox 927 2995 1124 3074; x_wconf 89' lang='lat' dir='ltr'><strong>commodis,</strong></span> <span class='ocrx_word' id='word_1_216' title='bbox 1149 3017 1175 3061; x_wconf 90' lang='lat' dir='ltr'><strong>e.</strong></span> <span class='ocrx_word' id='word_1_217' title='bbox 1191 3017 1220 3080; x_wconf 93' lang='lat' dir='ltr'><strong>q.</strong></span> <span class='ocrx_word' id='word_1_218' title='bbox 1234 3017 1258 3061; x_wconf 93' lang='lat' dir='ltr'><strong>s.</strong></span> 
     </span>
    </p>

    <p class='ocr_par' dir='ltr' id='par_1_9' title="bbox 171 3102 1369 3822">
     <span class='ocr_line' id='line_1_26' title="bbox 216 3102 1369 3187; baseline -0.005 -18"><span class='ocrx_word' id='word_1_219' title='bbox 216 3104 316 3170; x_wconf 90' lang='lat' dir='ltr'><strong>Don.:</strong></span> <span class='ocrx_word' id='word_1_220' title='bbox 348 3104 396 3185; x_wconf 92' lang='grc'><strong>(2)</strong></span> <span class='ocrx_word' id='word_1_221' title='bbox 420 3103 493 3169; x_wconf 89' lang='lat' dir='ltr'><strong>Non</strong></span> <span class='ocrx_word' id='word_1_222' title='bbox 517 3102 617 3172; x_wconf 89' lang='lat' dir='ltr'><strong>semel</strong></span> <span class='ocrx_word' id='word_1_223' title='bbox 641 3103 820 3169; x_wconf 88' lang='lat' dir='ltr'><strong>ostenditur</strong></span> <span class='ocrx_word' id='word_1_224' title='bbox 843 3102 921 3187; x_wconf 93' lang='lat' dir='ltr'><strong>quid</strong></span> <span class='ocrx_word' id='word_1_225' title='bbox 943 3102 1093 3167; x_wconf 88' lang='lat' dir='ltr'><strong>futurum</strong></span> <span class='ocrx_word' id='word_1_226' title='bbox 1116 3103 1175 3179; x_wconf 92' lang='lat' dir='ltr'><strong>sit,</strong></span> <span class='ocrx_word' id='word_1_227' title='bbox 1201 3102 1277 3185; x_wconf 89' lang='lat' dir='ltr'><strong>quia</strong></span> <span class='ocrx_word' id='word_1_228' title='bbox 1300 3121 1369 3185; x_wconf 90' lang='lat' dir='ltr'><strong>par·</strong></span> 
     </span>
     <span class='ocr_line' id='line_1_27' title="bbox 172 3205 1369 3296; baseline -0.004 -22"><span class='ocrx_word' id='word_1_229' title='bbox 172 3210 333 3276; x_wconf 89' lang='lat' dir='ltr'><strong>ticulatim</strong></span> <span class='ocrx_word' id='word_1_230' title='bbox 358 3214 464 3295; x_wconf 90' lang='lat' dir='ltr'><strong>potest</strong></span> <span class='ocrx_word' id='word_1_231' title='bbox 487 3211 586 3275; x_wconf 88' lang='lat' dir='ltr'><strong>etiam</strong></span> <span class='ocrx_word' id='word_1_232' title='bbox 609 3209 694 3296; x_wconf 94' lang='lat' dir='ltr'><strong>quod</strong></span> <span class='ocrx_word' id='word_1_233' title='bbox 718 3214 812 3294; x_wconf 89' lang='lat' dir='ltr'><strong>turpe</strong></span> <span class='ocrx_word' id='word_1_234' title='bbox 836 3215 884 3274; x_wconf 90' lang='lat' dir='ltr'><strong>est</strong></span> <span class='ocrx_word' id='word_1_235' title='bbox 908 3213 1015 3273; x_wconf 87' lang='lat' dir='ltr'><strong>tamen</strong></span> <span class='ocrx_word' id='word_1_236' title='bbox 1038 3208 1163 3271; x_wconf 89' lang='lat' dir='ltr'><strong>inmitti</strong></span> <span class='ocrx_word' id='word_1_237' title='bbox 1183 3205 1222 3270; x_wconf 89' lang='lat' dir='ltr'><strong>ad</strong></span> <span class='ocrx_word' id='word_1_238' title='bbox 1243 3225 1369 3291; x_wconf 80' lang='lat' dir='ltr'><strong>persua</strong></span> 
     </span>
     <span class='ocr_line' id='line_1_28' title="bbox 171 3312 1368 3402; baseline -0.005 -21"><span class='ocrx_word' id='word_1_239' title='bbox 171 3319 310 3395; x_wconf 92' lang='lat' dir='ltr'><strong>sionem,</strong></span> <span class='ocrx_word' id='word_1_240' title='bbox 332 3314 433 3380; x_wconf 89' lang='lat' dir='ltr'><strong>semel</strong></span> <span class='ocrx_word' id='word_1_241' title='bbox 453 3317 617 3402; x_wconf 88' lang='lat' dir='ltr'><strong>ingestum</strong></span> <span class='ocrx_word' id='word_1_242' title='bbox 635 3317 808 3400; x_wconf 90' lang='lat' dir='ltr'><strong>respuitur.</strong></span> <span class='ocrx_word' id='word_1_243' title='bbox 878 3313 1067 3379; x_wconf 86' lang='lat' dir='ltr'><strong>Observatio</strong></span> <span class='ocrx_word' id='word_1_244' title='bbox 1088 3317 1155 3377; x_wconf 89' lang='lat' dir='ltr'><strong>tam</strong></span> <span class='ocrx_word' id='word_1_245' title='bbox 1171 3312 1257 3376; x_wconf 89' lang='lat' dir='ltr'><strong>iusta</strong></span> <span class='ocrx_word' id='word_1_246' title='bbox 1270 3331 1368 3395; x_wconf 88' lang='lat' dir='ltr'><strong>quam</strong></span> 
     </span>
     <span class='ocr_line' id='line_1_29' title="bbox 171 3416 1367 3510; baseline -0.007 -22"><span class='ocrx_word' id='word_1_247' title='bbox 171 3421 335 3510; x_wconf 80' lang='lat' dir='ltr'><strong>eleganter</strong></span> <span class='ocrx_word' id='word_1_248' title='bbox 358 3424 494 3487; x_wconf 85' lang='lat' dir='ltr'><strong>exarata.</strong></span> <span class='ocrx_word' id='word_1_249' title='bbox 524 3420 616 3485; x_wconf 90' lang='lat' dir='ltr'><strong>Hanc</strong></span> <span class='ocrx_word' id='word_1_250' title='bbox 639 3427 749 3486; x_wconf 88' lang='lat' dir='ltr'><strong>autam</strong></span> <span class='ocrx_word' id='word_1_251' title='bbox 769 3420 816 3485; x_wconf 87' lang='lat' dir='ltr'><strong>lP</strong></span> <span class='ocrx_word' id='word_1_252' title='bbox 837 3422 883 3485; x_wconf 89' lang='lat' dir='ltr'><strong>sio</strong></span> <span class='ocrx_word' id='word_1_253' title='bbox 901 3419 1093 3484; x_wconf 89' lang='lat' dir='ltr'><strong>illustravit:</strong></span> <span class='ocrx_word' id='word_1_254' title='bbox 1121 3416 1171 3497; x_wconf 85' lang='lat'><strong>(3)</strong></span> <span class='ocrx_word' id='word_1_255' title='bbox 1195 3416 1281 3502; x_wconf 79' lang='lat' dir='ltr'><strong>Ergo</strong></span> <span class='ocrx_word' id='word_1_256' title='bbox 1305 3438 1367 3481; x_wconf 91' lang='lat' dir='ltr'><strong>non</strong></span> 
     </span>
     <span class='ocr_line' id='line_1_30' title="bbox 172 3522 1365 3611; baseline -0.003 -20"><span class='ocrx_word' id='word_1_257' title='bbox 172 3528 253 3592; x_wconf 83' lang='lat' dir='ltr'><strong>dixit</strong></span> <span class='ocrx_word' id='word_1_258' title='bbox 285 3527 370 3605; x_wconf 90' lang='lat' dir='ltr'><strong>„ibis</strong></span> <span class='ocrx_word' id='word_1_259' title='bbox 401 3548 459 3611; x_wconf 90' lang='lat' dir='ltr'><strong>pro</strong></span> <span class='ocrx_word' id='word_1_260' title='bbox 489 3525 667 3605; x_wconf 88' lang='lat' dir='ltr'><strong>eunucho’&#39;,</strong></span> <span class='ocrx_word' id='word_1_261' title='bbox 693 3526 747 3591; x_wconf 90' lang='lat' dir='ltr'><strong>sed</strong></span> <span class='ocrx_word' id='word_1_262' title='bbox 771 3529 875 3611; x_wconf 89' lang='lat' dir='ltr'><strong>primo</strong></span> <span class='ocrx_word' id='word_1_263' title='bbox 902 3546 989 3610; x_wconf 83' lang='lat' dir='ltr'><strong>„cap</strong></span> <span class='ocrx_word' id='word_1_264' title='bbox 1014 3527 1035 3588; x_wconf 91' lang='lat' dir='ltr'><strong>i.</strong></span> <span class='ocrx_word' id='word_1_265' title='bbox 1058 3523 1131 3604; x_wconf 88' lang='lat' dir='ltr'><strong>v.”;</strong></span> <span class='ocrx_word' id='word_1_266' title='bbox 1158 3528 1229 3588; x_wconf 89' lang='lat' dir='ltr'><strong>turn</strong></span> <span class='ocrx_word' id='word_1_267' title='bbox 1253 3522 1365 3587; x_wconf 86' lang='lat' dir='ltr'><strong>deinde</strong></span> 
     </span>
     <span class='ocr_line' id='line_1_31' title="bbox 172 3630 1367 3719; baseline -0.006 -20"><span class='ocrx_word' id='word_1_268' title='bbox 172 3634 256 3713; x_wconf 87' lang='lat' dir='ltr'><strong>(vide</strong></span> <span class='ocrx_word' id='word_1_269' title='bbox 288 3653 385 3719; x_wconf 90' lang='lat' dir='ltr'><strong>supra</strong></span> <span class='ocrx_word' id='word_1_270' title='bbox 417 3630 532 3713; x_wconf 81' lang='grc'>67(2))</span> <span class='ocrx_word' id='word_1_271' title='bbox 563 3633 623 3697; x_wconf 91' lang='lat' dir='ltr'><strong>hoc</strong></span> <span class='ocrx_word' id='word_1_272' title='bbox 653 3635 762 3717; x_wconf 90' lang='lat' dir='ltr'><strong>ipsum</strong></span> <span class='ocrx_word' id='word_1_273' title='bbox 793 3654 857 3696; x_wconf 93' lang='lat' dir='ltr'><strong>non</strong></span> <span class='ocrx_word' id='word_1_274' title='bbox 889 3636 1075 3717; x_wconf 86' lang='lat' dir='ltr'><strong>aspernante</strong></span> <span class='ocrx_word' id='word_1_275' title='bbox 1106 3630 1236 3695; x_wconf 90' lang='lat' dir='ltr'><strong>domino</strong></span> <span class='ocrx_word' id='word_1_276' title='bbox 1259 3630 1367 3714; x_wconf 86' lang='lat' dir='ltr'><strong>pergit</strong></span> 
     </span>
     <span class='ocr_line' id='line_1_32' title="bbox 172 3734 1319 3822; baseline -0.003 -20"><span class='ocrx_word' id='word_1_277' title='bbox 172 3760 282 3805; x_wconf 91' lang='lat' dir='ltr'><strong>servus</strong></span> <span class='ocrx_word' id='word_1_278' title='bbox 307 3737 347 3804; x_wconf 90' lang='lat' dir='ltr'><strong>ad</strong></span> <span class='ocrx_word' id='word_1_279' title='bbox 371 3743 491 3815; x_wconf 86' lang='lat' dir='ltr'><strong>cetera,</strong></span> <span class='ocrx_word' id='word_1_280' title='bbox 517 3757 598 3822; x_wconf 88' lang='lat' dir='ltr'><strong>quae</strong></span> <span class='ocrx_word' id='word_1_281' title='bbox 622 3735 788 3802; x_wconf 89' lang='lat' dir='ltr'><strong>audaciora</strong></span> <span class='ocrx_word' id='word_1_282' title='bbox 812 3741 898 3801; x_wconf 86' lang='lat' dir='ltr'><strong>sunt.</strong></span> <span class='ocrx_word' id='word_1_283' title='bbox 1236 3734 1268 3800; x_wconf 83' lang='lat' dir='ltr'><strong>S.</strong></span> <span class='ocrx_word' id='word_1_284' title='bbox 1293 3755 1319 3798; x_wconf 91' lang='lat' dir='ltr'><strong>c.</strong></span> 
     </span>
    </p>

    <p class='ocr_par' dir='ltr' id='par_1_10' title="bbox 164 3837 1371 4347">
     <span class='ocr_line' id='line_1_33' title="bbox 215 3837 1368 3927; baseline -0.005 -18"><span class='ocrx_word' id='word_1_285' title='bbox 215 3843 298 3910; x_wconf 91' lang='lat' dir='ltr'><strong>Ibid.</strong></span> <span class='ocrx_word' id='word_1_286' title='bbox 320 3842 361 3908; x_wconf 90' lang='grc'><strong>81</strong></span> <span class='ocrx_word' id='word_1_287' title='bbox 388 3840 454 3908; x_wconf 79' lang='lat' dir='ltr'><strong>(lh.</strong></span> <span class='ocrx_word' id='word_1_288' title='bbox 475 3842 635 3907; x_wconf 89' lang='lat' dir='ltr'><strong>Audio...</strong></span> <span class='ocrx_word' id='word_1_289' title='bbox 656 3841 818 3927; x_wconf 88' lang='lat' dir='ltr'><strong>Intelligo.</strong></span> <span class='ocrx_word' id='word_1_290' title='bbox 876 3841 943 3906; x_wconf 90' lang='lat' dir='ltr'><strong>IP:</strong></span> <span class='ocrx_word' id='word_1_291' title='bbox 966 3841 1114 3919; x_wconf 81' lang='lat' dir='ltr'><strong>„Audio”</strong></span> <span class='ocrx_word' id='word_1_292' title='bbox 1128 3845 1160 3906; x_wconf 92' lang='lat' dir='ltr'><strong>et</strong></span> <span class='ocrx_word' id='word_1_293' title='bbox 1174 3837 1368 3924; x_wconf 78' lang='lat' dir='ltr'><strong>„intelligo”</strong></span> 
     </span>
     <span class='ocr_line' id='line_1_34' title="bbox 174 3946 1371 4033; baseline -0.008 -18"><span class='ocrx_word' id='word_1_294' title='bbox 174 3952 240 4015; x_wconf 93' lang='lat' dir='ltr'><strong>vim</strong></span> <span class='ocrx_word' id='word_1_295' title='bbox 264 3947 359 4014; x_wconf 92' lang='lat' dir='ltr'><strong>modo</strong></span> <span class='ocrx_word' id='word_1_296' title='bbox 383 3969 447 4013; x_wconf 90' lang='lat' dir='ltr'><strong>non</strong></span> <span class='ocrx_word' id='word_1_297' title='bbox 466 3950 621 4013; x_wconf 87' lang='lat' dir='ltr'><strong>usitatam</strong></span> <span class='ocrx_word' id='word_1_298' title='bbox 641 3950 843 4033; x_wconf 84' lang='lat' dir='ltr'><strong>exprimunt,</strong></span> <span class='ocrx_word' id='word_1_299' title='bbox 866 3946 988 4012; x_wconf 88' lang='lat' dir='ltr'><strong>scilicet</strong></span> <span class='ocrx_word' id='word_1_300' title='bbox 1008 3948 1235 4012; x_wconf 91' lang='lat' dir='ltr'><strong>consentientis</strong></span> <span class='ocrx_word' id='word_1_301' title='bbox 1255 3947 1371 4008; x_wconf 89' lang='lat' dir='ltr'><strong>immo-</strong></span> 
     </span>
     <span class='ocr_line' id='line_1_35' title="bbox 175 4048 1369 4138; baseline -0.006 -19"><span class='ocrx_word' id='word_1_302' title='bbox 175 4054 281 4121; x_wconf 89' lang='lat' dir='ltr'><strong>dicum</strong></span> <span class='ocrx_word' id='word_1_303' title='bbox 314 4054 473 4119; x_wconf 85' lang='lat' dir='ltr'><strong>affectum.</strong></span> <span class='ocrx_word' id='word_1_304' title='bbox 544 4053 624 4118; x_wconf 90' lang='lat' dir='ltr'><strong>Don.</strong></span> <span class='ocrx_word' id='word_1_305' title='bbox 650 4052 694 4118; x_wconf 83' lang='lat'><strong>80</strong></span> <span class='ocrx_word' id='word_1_306' title='bbox 706 4053 754 4133; x_wconf 83' lang='lat'><strong>(2)</strong></span> <span class='ocrx_word' id='word_1_307' title='bbox 779 4051 970 4138; x_wconf 88' lang='lat' dir='ltr'><strong>simpliciter</strong></span> <span class='ocrx_word' id='word_1_308' title='bbox 1002 4052 1185 4118; x_wconf 84' lang='lat' dir='ltr'><strong>adnotavit:</strong></span> <span class='ocrx_word' id='word_1_309' title='bbox 1222 4048 1369 4129; x_wconf 86' lang='lat' dir='ltr'><strong>„Audio”</strong></span> 
     </span>
     <span class='ocr_line' id='line_1_36' title="bbox 173 4155 1369 4239; baseline -0.007 -13"><span class='ocrx_word' id='word_1_310' title='bbox 173 4161 232 4226; x_wconf 91' lang='lat' dir='ltr'><strong>boc</strong></span> <span class='ocrx_word' id='word_1_311' title='bbox 255 4165 305 4226; x_wconf 91' lang='lat' dir='ltr'><strong>est</strong></span> <span class='ocrx_word' id='word_1_312' title='bbox 329 4159 466 4225; x_wconf 91' lang='lat' dir='ltr'><strong>admitto</strong></span> <span class='ocrx_word' id='word_1_313' title='bbox 490 4164 522 4224; x_wconf 91' lang='lat' dir='ltr'><strong>et</strong></span> <span class='ocrx_word' id='word_1_314' title='bbox 545 4161 725 4237; x_wconf 87' lang='lat' dir='ltr'><strong>consentio,</strong></span> <span class='ocrx_word' id='word_1_315' title='bbox 749 4165 788 4224; x_wconf 93' lang='lat' dir='ltr'><strong>ut</strong></span> <span class='ocrx_word' id='word_1_316' title='bbox 811 4161 846 4223; x_wconf 91' lang='lat' dir='ltr'><strong>iu</strong></span> <span class='ocrx_word' id='word_1_317' title='bbox 868 4158 1000 4225; x_wconf 89' lang='lat' dir='ltr'><strong>Phorm.</strong></span> <span class='ocrx_word' id='word_1_318' title='bbox 1027 4157 1072 4239; x_wconf 92' lang='grc' dir='ltr'><strong>(ΙΙ</strong></span> <span class='ocrx_word' id='word_1_319' title='bbox 1097 4159 1126 4222; x_wconf 90' lang='lat' dir='ltr'><strong>l.</strong></span> <span class='ocrx_word' id='word_1_320' title='bbox 1140 4155 1173 4234; x_wconf 92' lang='grc'><strong>6)</strong></span> <span class='ocrx_word' id='word_1_321' title='bbox 1200 4156 1316 4234; x_wconf 88' lang='lat' dir='ltr'><strong>„audio</strong></span> <span class='ocrx_word' id='word_1_322' title='bbox 1336 4160 1369 4219; x_wconf 90' lang='lat' dir='ltr'><strong>et</strong></span> 
     </span>
     <span class='ocr_line' id='line_1_37' title="bbox 164 4261 1322 4347; baseline -0.009 -11"><span class='ocrx_word' id='word_1_323' title='bbox 164 4271 207 4336; x_wconf 89' lang='lat' dir='ltr'><strong>et</strong></span> <span class='ocrx_word' id='word_1_324' title='bbox 228 4265 363 4343; x_wconf 90' lang='lat' dir='ltr'><strong>fateor”,</strong></span> <span class='ocrx_word' id='word_1_325' title='bbox 388 4270 421 4330; x_wconf 93' lang='lat' dir='ltr'><strong>et</strong></span> <span class='ocrx_word' id='word_1_326' title='bbox 444 4271 552 4331; x_wconf 89' lang='lat' dir='ltr'><strong>contra</strong></span> <span class='ocrx_word' id='word_1_327' title='bbox 577 4264 638 4346; x_wconf 90' lang='grc' dir='ltr'>(ΙΙΙ</span> <span class='ocrx_word' id='word_1_328' title='bbox 661 4264 741 4347; x_wconf 86' lang='grc'>2.1)</span> <span class='ocrx_word' id='word_1_329' title='bbox 767 4287 850 4344; x_wconf 91' lang='lat' dir='ltr'><strong>„non</strong></span> <span class='ocrx_word' id='word_1_330' title='bbox 874 4263 1003 4330; x_wconf 89' lang='lat' dir='ltr'><strong>audio&#39;&#39;.</strong></span> <span class='ocrx_word' id='word_1_331' title='bbox 1239 4261 1270 4328; x_wconf 79' lang='lat' dir='ltr'><strong>S.</strong></span> <span class='ocrx_word' id='word_1_332' title='bbox 1296 4281 1322 4326; x_wconf 90' lang='lat' dir='ltr'><strong>c.</strong></span> 
     </span>
    </p>
   </div>
   <div class='ocr_carea' id='block_1_3' title="bbox 204 4500 1289 4572">
    <p class='ocr_par' dir='ltr' id='par_1_11' title="bbox 204 4500 1289 4572">
     <span class='ocr_line' id='line_1_38' title="bbox 204 4500 1289 4572; baseline -0.005 -14"><span class='ocrx_word' id='word_1_333' title='bbox 204 4511 231 4572; x_wconf 86' lang='lat'><strong>1)</strong></span> <span class='ocrx_word' id='word_1_334' title='bbox 250 4509 347 4561; x_wconf 63' lang='lat' dir='ltr'><strong>,Prima</strong></span> <span class='ocrx_word' id='word_1_335' title='bbox 364 4508 436 4569; x_wconf 83' lang='lat' dir='ltr'><strong>visua,</strong></span> <span class='ocrx_word' id='word_1_336' title='bbox 452 4507 553 4557; x_wconf 80' lang='lat' dir='ltr'><strong>secunda</strong></span> <span class='ocrx_word' id='word_1_337' title='bbox 571 4505 668 4571; x_wconf 88' lang='lat' dir='ltr'><strong>alloqui,</strong></span> <span class='ocrx_word' id='word_1_338' title='bbox 687 4505 760 4556; x_wconf 84' lang='lat' dir='ltr'><strong>tertia</strong></span> <span class='ocrx_word' id='word_1_339' title='bbox 777 4508 862 4565; x_wconf 77' lang='lat' dir='ltr'><strong>tactus,</strong></span> <span class='ocrx_word' id='word_1_340' title='bbox 881 4508 968 4569; x_wconf 86' lang='lat' dir='ltr'><strong>quarta</strong></span> <span class='ocrx_word' id='word_1_341' title='bbox 985 4503 1069 4565; x_wconf 79' lang='lat' dir='ltr'><strong>osculi,</strong></span> <span class='ocrx_word' id='word_1_342' title='bbox 1085 4503 1170 4568; x_wconf 83' lang='lat' dir='ltr'><strong>quinta</strong></span> <span class='ocrx_word' id='word_1_343' title='bbox 1187 4500 1289 4553; x_wconf 87' lang='lat' dir='ltr'><strong>coitua”.</strong></span> 
     </span>
    </p>
   </div>
   <div class='ocr_carea' id='block_1_4' title="bbox 0 0 1722 5392">
    <p class='ocr_par' dir='ltr' id='par_1_12' title="bbox 0 0 1722 5392">
     <span class='ocr_line' id='line_1_39' title="bbox 0 0 1722 5392; baseline 0 0"><span class='ocrx_word' id='word_1_344' title='bbox 0 0 1722 5392; x_wconf 95' lang='lat' dir='ltr'><strong> </strong></span> 
     </span>
    </p>
   </div>
  </div>
 </body>
</html>
