3418 5392
592 1598 976 1732 relusnrro.
1052 1626 1056 1634 ’

228 2189 453 2269 Quaestionem
484 2189 523 2254 de
546 2194 727 2255 eommento
752 2189 930 2256 Donatiano
954 2189 994 2255 ad
1017 2189 1147 2254 Terenti
1171 2189 1296 2256 fabulas
1320 2211 1376 2277 ag-

180 2347 311 2414 gressus
342 2348 415 2391 sum
444 2347 473 2391 a.
499 2325 586 2392 1904
610 2329 783 2412 statimque
805 2326 954 2391 intellexi
977 2328 1139 2392 exstitisse
1163 2347 1265 2390 unum
1289 2348 1377 2411 prae-

179 2465 314 2548 oipuum
338 2459 532 2527 scholiorum
552 2463 817 2548 ¹interpolatorem
841 2469 914 2548 post
937 2461 1110 2540 Donatum,
1134 2464 1225 2528 ouius
1241 2470 1375 2547 ‘operam

180 2602 367 2685 persecutus
390 2618 463 2662 sum
483 2598 523 2663 ad
543 2599 697 2664 Andriam
716 2601 748 2664 in
768 2599 926 2665 Mnemos.
948 2598 1162 2697 volXXXII
1181 2622 1213 2684 p.
1228 2598 1293 2665 209
1307 2619 1374 2685 sqq.

180 2741 212 2800 et
244 2734 285 2800 ad
314 2734 444 2802 Phorm.
477 2734 518 2800 ΙΙ.
552 2735 571 2800 3
603 2759 635 2821 p.
659 2730 814 2822 246sqq.
838 2736 919 2802 Dein
944 2735 1083 2802 aliorum
1106 2735 1375 2822 interpolatorum

179 2871 415 2951 additamenta,
452 2892 532 2957 quos
566 2874 774 2938 nominabam
809 2871 955 2953 ABOD,
991 2872 1031 2938 ad
1064 2873 1197 2938 eandem
1233 2871 1375 2938 fabulam

179 3009 314 3073 distinxi
335 3007 412 3074 ibid.
437 3029 468 3094 p.
495 3005 560 3075 287
574 3029 642 3094 sqq.
674 3008 817 3074 'landem
841 3007 963 3075 scholia
987 3009 1145 3076 rhetorica
1168 3011 1269 3076 totius
1292 3031 1376 3075 oom-

179 3147 282 3210 menti
305 3147 442 3210 tractavi
463 3146 497 3209 in
520 3143 585 3210 vol.
610 3144 755 3210 XXXIII
779 3168 810 3230 p.
835 3145 899 3211 129
911 3165 979 3231 sqq.
1005 3145 1071 3211 229
1085 3166 1152 3232 sqq.
1177 3151 1209 3211 et
1231 3145 1374 3212 indicavi

178 3301 335 3366 quaenam
367 3301 407 3345 ex
435 3280 486 3345 his
508 3283 572 3366 ipsi
595 3280 720 3346 Donato
744 3286 801 3346 aut
823 3284 881 3346 uni
904 3280 1094 3367 pluribusve
1116 3285 1282 3370 magistris
1305 3283 1374 3347 rhe-

177 3419 286 3482 toricis
316 3415 513 3503 adsignanda
541 3422 645 3482 essent
668 3424 702 3483 et
724 3437 938 3502 quorumnam
962 3417 1060 3482 dubia
1084 3423 1166 3484 esset
1189 3421 1373 3486 auotoritas.

226 3553 292 3618 Diu
321 3555 464 3619 incertus
495 3554 534 3619 ad
566 3575 664 3639 quam
692 3555 887 3639 quaestionis
911 3553 1106 3620 solutionem
1129 3555 1294 3642 indagatio
1316 3555 1374 3622 illa

178 3687 336 3756 laboriosa
359 3711 417 3756 neo
441 3693 529 3756 omni
552 3711 591 3756 ex
614 3696 703 3776 parte
727 3691 867 3757 ineunda
891 3712 943 3756 me
968 3692 1170 3777 perduceret,
1194 3714 1270 3759 oum
1288 3694 1375 3758 ¹nihi-

175 3825 318 3892 lominus
341 3826 540 3913 reliquarum
565 3848 693 3913 quoquo
717 3826 900 3893 fabularum
922 3834 1104 3895 commenta
1128 3829 1301 3917 diligenter
1324 3853 1376 3896 ex-

140 4054 146 4061 ·
176 3943 338 4040 outonem,
372 3963 461 4027 ultro
492 3983 560 4028 sese
592 3961 712 4029 obtulit
744 3966 924 4030 coniectura
949 3965 987 4031 de
1011 3973 1192 4033 commento
1216 3973 1288 4052 post
1310 3968 1374 4034 Do-

175 4106 288 4166 natum
312 4103 432 4166 iterum
455 4100 541 4166 edito
564 4101 603 4166 ab
623 4099 855 4186 Interpolatore
874 4105 1063 4190 praecipuo,
1084 4106 1175 4170 ouius
1193 4108 1370 4193 imaginem

176 4236 334 4304 delineari
357 4260 389 4322 p.
415 4237 446 4317 9,
472 4258 553 4323 quae
577 4239 777 4316 coniectura,
802 4260 865 4324 quo
891 4241 996 4325 magis
1019 4243 1052 4304 in
1076 4240 1259 4307 fabularum
1284 4211 1371 4309 seho-

172 4369 226 4436 liis
251 4370 464 4438 discernendis
489 4379 521 4438 et
541 4373 747 4439 aestimandis
768 4374 980 4461 applIoarem,
1002 4399 1038 4442 eo
1058 4380 1168 4444 verior
1186 4379 1370 4467 firmiorque

176 4529 301 4594 semper
335 4510 470 4576 exstitit.
510 4510 601 4576 Hane
632 4512 736 4598 igitur
770 4514 937 4578 intricatae
973 4517 1168 4600 quaestionis
1200 4517 1372 4584 solvendae

825 4771 848 4808 θ
