3418 5392
670 383 826 439 murres.
1291 363 1334 466 67

138 558 242 632 tione,
263 556 346 620 situs
366 554 770 640 fortasse=rumpere,
794 553 834 618 ad
854 552 1041 639 exemplum
1060 574 1109 619 vo
1125 573 1211 618 cem
1235 573 1337 617 rum·

141 682 238 748 pere
261 658 296 741 ¹).
328 660 491 725 Nonius
521 659 604 747 legit
635 659 828 746 „rumpere”
859 659 956 745 idque
987 662 1087 725 vertit
1121 662 1335 725 retentum

140 767 332 854 proferre
361 790 390 852 p.
418 765 493 832 382.
509 765 563 832 38.

186 872 236 937 IP
260 871 383 937 Donati
405 872 645 959 interpolationi
668 893 761 938 suam
784 871 887 938 denuo
909 875 1001 937 iuxta
1024 875 1134 958 posuit
1152 878 1185 938 et
1205 872 1338 958 quidem

140 979 336 1068 praeposuit.

188 1083 270 1149 Ibid.
296 1083 316 1148 6
349 1083 412 1163 Qui
434 1104 487 1149 me
589 1083 761 1170 rogitando
784 1083 941 1150 obtundet

189 1191 237 1273 (2)
271 1189 478 1268 „Obtundat”
515 1190 621 1255 odiose
655 1193 755 1256 instat
790 1211 825 1256 ac
860 1196 994 1276 repetet.
1041 1191 1089 1272 (3)
1119 1189 1277 1256 Molestus
1307 1193 1340 1254 et

143 1297 273 1364 odiosus
291 1298 345 1361 sit.
404 1295 474 1362 Hoc
497 1295 580 1361 alius
605 1298 772 1383 magistri,
795 1295 881 1362 illud
904 1296 1040 1375 Donati,
1062 1297 1101 1363 cf.
1127 1296 1178 1361 Ad
1198 1297 1214 1362 l
1234 1296 1264 1361 2.
1279 1294 1338 1361 33:

145 1404 215 1482 „Ne
246 1423 299 1468 me
332 1401 512 1467 obtundes”
543 1423 583 1468 ne
614 1422 666 1467 me
698 1422 790 1487 saepe
822 1407 855 1468 et
877 1401 1015 1468 moleste
1038 1401 1239 1488 interpelles,
1265 1422 1340 1466 nam

144 1508 381 1576 obtundere
404 1513 452 1572 est
475 1529 566 1594 saepe
590 1507 714 1593 aliquid
737 1508 845 1574 odiose
867 1514 1022 1593 repetere.

189 1614 272 1681 lbid.
299 1613 317 1681 7
354 1613 438 1694 Quid
461 1617 600 1701 gestiam
625 1620 682 1679 aut
705 1615 784 1700 quid
807 1613 913 1680 laetus
936 1617 998 1680 sim

191 1722 239 1804 (2)
271 1719 442 1788 Gestire
465 1727 512 1786 est
535 1726 627 1785 motu
651 1723 790 1806 corporis
814 1727 993 1787 monstrare
1017 1721 1095 1807 qnid
1121 1723 1255 1800 sentias;
1280 1723 1341 1787 hoc

144 1836 256 1894 eutem
290 1833 414 1892 constat
448 1848 466 1892 a
501 1827 676 1913 pecudibus
711 1827 751 1892 ad
786 1828 933 1893 homines
970 1849 1037 1893 esse
1069 1827 1272 1892 translatum.

146 1934 194 2016 (3)
225 1932 399 2000 Gestire
431 1938 478 1998 est
507 1953 637 1998 sensum
664 1935 806 2018 corporis
829 1938 925 2019 gestu
948 1933 1105 2012 indicare,
1129 1933 1214 2018 quod
1237 1935 1342 2020 magis

148 2039 341 2108 animalium
365 2045 413 2104 est
437 2043 613 2105 mutorum.
637 2037 802 2125 Vergilius
827 2044 881 2116 „et
905 2039 1012 2104 studio
1035 2042 1069 2104 in
1089 2059 1215 2104 cassum
1235 2038 1342 2104 videas

148 2149 268 2236 gestire
302 2145 465 2211 lavendi’'.
506 2146 556 2210 Ad
591 2167 688 2231 quem
717 2144 844 2224 locum,
882 2143 1000 2232 Georg.
1031 2144 1046 2210 Ι
1078 2143 1154 2225 387,
1191 2145 1341 2211 Servius:

151 2252 321 2334 „Gestire”
354 2251 513 2317 laetitiam
545 2273 637 2317 snam
669 2255 809 2339 corporis
840 2252 954 2318 habitu
986 2252 1184 2338 significare3
1208 2274 1282 2317 nem
1306 2257 1344 2316 ut

150 2361 296 2426 homiues
332 2359 438 2424 verbis
473 2357 631 2424 laetitiam
664 2378 757 2424 suem
788 2360 991 2444 exprimunt,
1023 2361 1071 2424 ita
1102 2379 1177 2425 aves
1206 2360 1344 2444 corporis

149 2465 405 2554 gesticulatione.

194 2572 278 2641 Cum
304 2573 407 2637 oratio
431 2575 502 2635 tum
526 2570 712 2656 exemplum
738 2568 833 2657 Verg.
858 2570 917 2637 boc
941 2570 1031 2637 Aelio
1054 2571 1240 2657 adsignant,
1262 2568 1344 2634 illud

148 2680 306 2746 imitatori
329 2675 474 2754 cuidem,
499 2681 556 2742 aut
578 2678 766 2761 excerptori.

192 2785 273 2850 Ibid.
288 2783 308 2848 9
334 2782 438 2848 Adibo
450 2789 545 2867 atque
557 2783 595 2847 ab
609 2785 795 2868 augustiam
808 2781 899 2860 hauc,
913 2803 1009 2868 quam
1022 2781 1115 2849 video
1127 2781 1221 2861 velle,
1234 2783 1321 2847 inibo

195 2890 243 2974 (1)
274 2888 394 2956 Sensus
417 2894 450 2954 et
473 2888 549 2954 ordo
572 2888 625 2952 hic
649 2893 715 2953 est:
739 2888 833 2953 edibo
857 2895 953 2973 atque
977 2888 1017 2953 ab
1040 2909 1077 2953 eo
1101 2891 1241 2974 gratiam
1264 2888 1345 2952 benc

150 2997 255 3074 inibo,
288 3015 387 3080 quam
418 2993 512 3058 rideo
544 2993 630 3057 hnnc
661 2991 745 3058 velle
776 3013 851 3058 sse
874 2995 956 3059 inire
980 2991 1112 3074 (iniril).
1182 2993 1230 3074 (2)
1254 2990 1346 3059 Gra·

152 3106 256 3168 tiam
289 3102 400 3165 inire
434 3107 483 3163 est
513 3098 587 3164 dare
618 3098 807 3164 beneficium
837 3120 873 3164 ac
903 3119 960 3184 per
983 3100 1042 3165 boc
1069 3101 1187 3164 mereri
1208 3097 1345 3164 alicuius

153 3211 294 3295 gratiam
319 3206 353 3271 id
377 3209 426 3270 est
447 3206 635 3269 amicitiam.
705 3203 753 3285 (3)
773 3204 835 3270 Sed
854 3204 931 3270 haec
953 3210 1000 3270 est
1020 3204 1158 3271 elocutio
1183 3208 1344 3292 „gretiam

152 3316 190 3381 ab
220 3335 258 3380 eo
279 3310 389 3378 inibo”
413 3332 469 3396 pro
493 3313 563 3376 eius
587 3313 728 3399 gratiam
754 3311 918 3391 merebor;
943 3332 1018 3376 nem
1042 3311 1089 3376 ab
1112 3333 1156 3392 eo
1179 3316 1267 3376 amat
1290 3309 1347 3375 Το-

151 3424 274 3487 rentius
297 3439 356 3504 pro
379 3420 476 3483 eius
499 3439 633 3503 ponere,
658 3420 752 3482 utin
776 3416 896 3482 Andria
919 3417 1092 3500 (11.129)
1117 3421 1282 3505 „primum
1306 3419 1345 3483 ab

152 3549 187 3594 eo
210 3523 495 3592 animadvertenda
518 3525 638 3589 iniuria
661 3522 732 3589 est”
752 3544 810 3609 pro
831 3526 921 3600 „eius
940 3523 1092 3589 iniuria’'.
1162 3524 1210 3605 (4)
1234 3523 1346 3589 Inire

153 3639 263 3700 autem
295 3632 479 3717 gratiam
511 3636 560 3694 est
588 3631 704 3695 mereri
735 3631 886 3716 gratiam.
919 3629 1057 3695 Plautus
1087 3629 1193 3711 (Ourc.
1217 3631 1265 3696 ΙΙΙ
1289 3630 1345 3712 35)

155 3738 273 3818 „inibis
297 3755 316 3800 s
339 3755 391 3800 me
414 3733 549 3800 solidam
573 3743 605 3800 et
628 3734 783 3822 grandem
807 3736 968 3820 gratiem”
984 3733 1021 3815 ²).

188 3937 214 4000 1)
238 3936 359 3983 Vocem
382 3946 544 3996 rumpere
567 3947 580 3979 e
603 3929 711 3995 Vergilio
729 3929 880 3979 notissimum
898 3929 964 3979 varie
981 3928 1121 3994 explicatur.
1142 3929 1244 3978 Videtur
1260 3929 1348 3994 signill-

154 4033 207 4067 οπο
233 4014 419 4082 perruptis
444 4012 649 4062 obstaculis
674 4012 808 4061 exitum
832 4012 913 4063 dare
937 4011 1025 4071 voci,
1049 4012 1274 4076 etcomparsndnm
1293 4028 1348 4062 cnm

155 4115 197 4148 usn
214 4097 344 4147 transitivo
361 4095 386 4144 in
403 4094 441 4144 bis
457 4094 627 4144 locutionibus:
648 4095 720 4146 Ovid.
737 4096 800 4142 Met.
819 4093 839 4138 V
857 4093 905 4145 257
924 4093 1025 4142 dontio.
1037 4130 1043 4141 .
1055 4109 1138 4157 .quem
1155 4091 1243 4156 ungula
1257 4092 1349 4158 rnpit''.

155 4180 225 4245 Verg.
249 4182 278 4230 G.
302 4178 315 4227 1
339 4177 387 4226 446
412 4177 484 4226 densa
500 4177 565 4225 iuter
584 4175 666 4225 nubila
683 4191 732 4224 sese
749 4174 837 4223 diversi
856 4178 967 4240 rumpent
986 4173 1053 4222 radii.
1072 4178 1132 4224 Aen.
1148 4173 1182 4222 xI
1201 4176 1249 4223 548
1267 4178 1349 4226 taulus

155 4278 178 4312 re
204 4261 305 4312 nubibus
327 4257 404 4308 imber
426 4261 533 4323 ruperat.
555 4258 648 4307 11415
666 4261 738 4323 rupto
754 4272 797 4305 ceu
814 4255 910 4305 turbine
927 4256 1001 4306 senti.
1020 4257 1050 4305 G.
1067 4255 1108 4305 III
1126 4257 1175 4306 428
1193 4257 1250 4306 dnm
1267 4272 1349 4307 amnes

116 4364 121 4372 ·
155 4347 300 4410 rumpuntur
323 4339 437 4391 lontibus.
460 4340 498 4390 Cf.
522 4337 637 4402 ρήγνύναι
657 4337 744 4401 φωνήν.
768 4337 841 4387 Aliud
858 4341 893 4387 est
912 4339 987 4402 igitur
1011 4337 1165 4389 silentis
1188 4354 1349 4406 rumpere

155 4428 213 4476 Aen.
229 4427 256 4475 II
274 4426 316 4483 68,
334 4423 397 4487 quod
415 4436 596 4486 nonnumquam
614 4421 640 4471 in
657 4419 864 4486 comparutionem
882 4426 989 4471 vocatur.

189 4510 217 4576 2)
234 4509 272 4558 Ad
288 4508 309 4556 V
328 4505 352 4558 7.
363 4505 395 4554 lo
402 4505 438 4568 (1)
456 4504 529 4554 ‚Ineo
545 4502 665 4568 gratism‘'
682 4503 706 4553 in
725 4502 828 4567 gratiam
845 4519 881 4563 eo,
899 4503 945 4553 boc
962 4507 997 4553 est
1015 4503 1104 4553 amicos
1120 4519 1237 4570 comparo.
