3450 5382
356 373 422 440 162
873 387 1031 437 norisne.

356 557 478 628 Donato
502 555 680 620 adhibitam
704 554 847 618 vidimus
871 557 903 618 in
928 553 1059 618 scholiis
1081 553 1246 629 Eunuchi,
1267 558 1304 616 ut
1324 572 1438 638 nempe
1459 553 1550 636 prius
1682 575 1687 580 ·

356 667 453 750 ponat
476 661 560 727 alius
584 662 766 745 opinionem
790 665 959 745 tamquam
983 664 1120 736 certam,
1146 659 1200 723 sed
1226 657 1338 722 deinde
1361 657 1442 723 hano
1465 657 1551 721 resu-

355 774 420 846 tet,
452 789 606 854 suamque
637 786 753 832 novam
784 765 933 852 proferat.
958 765 1070 851 Itaque
1093 767 1127 829 in
1150 765 1197 844 (1)
1222 763 1417 829 affirmanter
1440 763 1553 828 scribit

357 875 470 954 „Nove
503 874 606 939 dirit”
632 878 717 949 cett„
743 872 798 937 sad
822 893 933 938 revera
956 871 1046 937 illiue
1070 873 1262 936 sententiam
1287 871 1400 946 refert,
1425 871 1481 954 qui
1504 871 1552 932 in·

354 983 519 1067 terpunrit
549 985 622 1065 post
655 979 830 1056 „fratrem”
847 977 881 1058 ¹),
914 999 1012 1064 quam
1044 976 1157 1043 deinde
1189 977 1356 1062 redarguit
1386 977 1418 1039 in
1443 975 1492 1056 (2)
1518 984 1551 1039 et

354 1094 439 1156 reote
458 1086 605 1172 quidem,
626 1105 701 1150 nam
721 1083 802 1150 alter
822 1085 963 1162 errabat,
984 1086 1051 1170 ipse
1070 1105 1184 1148 verum
1205 1083 1298 1147 vidit.
1324 1081 1373 1146 Ad
1393 1083 1552 1146 amussim

356 1194 415 1259 hoc
438 1190 624 1277 exemplum
649 1193 800 1256 convenit
824 1212 898 1255 cum
922 1211 974 1268 eo,
1001 1190 1084 1275 quod
1106 1188 1257 1273 descripsi
1277 1193 1369 1252 antea
1389 1209 1419 1272 p.
1435 1186 1550 1271 eosq„

356 1300 412 1364 nbi
442 1298 481 1363 ad
513 1297 611 1362 Eun.
643 1296 658 1362 Ι
690 1296 756 1362 25
788 1299 877 1382 prius
909 1296 1032 1383 legitur
1063 1294 1126 1360 tale
1156 1292 1335 1360 scholium:
1368 1293 1416 1373 (2)
1450 1292 1551 1370 „Plus

356 1404 454 1470 satis'’
486 1403 610 1483 „nove”
638 1409 726 1481 cett,
753 1408 785 1468 et
813 1404 885 1468 dein
907 1405 1052 1487 sequitur
1070 1403 1222 1467 refutatio
1241 1400 1289 1481 (4)
1311 1399 1402 1478 „Hoc
1418 1399 1551 1485 quidam

356 1515 491 1597 putant,
516 1513 550 1574 at
574 1510 657 1574 mihi
679 1509 830 1574 videtur”
856 1514 931 1574 cett.

401 1616 438 1681 Id
474 1615 559 1702 quod
594 1621 643 1681 eet
680 1616 759 1693 „hoo
791 1614 922 1700 quidam
954 1614 1103 1700 putant”‚
1136 1634 1219 1677 nune
1252 1612 1425 1691 omittitur,
1449 1632 1554 1697 neque

357 1723 432 1790 addi
467 1743 596 1810 prorsus
630 1743 756 1788 necesse
787 1727 853 1800 est,
883 1728 1012 1808 propter
1042 1742 1097 1788 vv.
1131 1719 1214 1798 „Sed
1246 1740 1306 1805 ego
1339 1719 1458 1804 puto”;
1484 1717 1555 1783 fieri

359 1838 467 1896 tamen
496 1831 603 1914 potuit
626 1834 664 1893 ut
687 1829 801 1894 Editor
823 1831 857 1893 in
881 1828 1069 1893 huiusmodi
1092 1826 1170 1892 locis
1194 1825 1314 1891 Donati
1337 1827 1554 1890 notationem:

363 1935 437 2015 „Sic
466 1934 630 2020 quidam”,
662 1933 715 1999 vel
746 1933 809 1998 tale
841 1933 935 2019 quid,
967 1931 1163 2019 neglexerit,
1197 1952 1266 1996 rem
1297 1933 1343 1996 ita
1374 1952 1555 2016 proponens

361 2045 453 2129 qnasi
477 2042 557 2107 Don.
581 2040 702 2106 dederit
728 2041 785 2120 (1),
809 2043 878 2125 ipse
902 2045 1012 2105 autem
1035 2039 1094 2120 (2).
1119 2038 1362 2104 Idemfortasse
1383 2040 1555 2102 usuvenit

350 2142 400 2214 ¹ad
424 2148 520 2213 Eun.
545 2146 572 2211 V
597 2146 628 2211 8.
643 2145 685 2211 49
708 2144 757 2227 (7)
781 2153 814 2211 et
838 2145 899 2227 (8),
923 2146 960 2210 de
985 2145 1101 2231 quibus
1125 2144 1198 2209 vide
1223 2163 1329 2229 supra.

408 2255 650 2319 Weesnerus
673 2255 836 2318 immerito
860 2255 998 2337 priorem
1018 2251 1141 2336 partem
1163 2249 1275 2316 scholii
1295 2248 1442 2314 secundi:
1469 2247 1554 2326 „Sed

362 2382 426 2447 ego
445 2366 524 2445 puto
538 2407 544 2424 .
560 2407 566 2424 .
582 2410 589 2424 .
603 2359 813 2424 subaudietur
832 2380 929 2443 quam
950 2357 1053 2422 mihi’'
1074 2356 1235 2422 inclinatis
1254 2355 1373 2420 litteris
1385 2357 1553 2441 expressit.

361 2469 399 2533 In
431 2465 620 2534 Commento
651 2467 756 2550 primo
787 2463 947 2546 (1))(2)
978 2452 1075 2528 unam
1106 2465 1290 2527 continuam
1315 2461 1553 2526 adnotationem

362 2573 531 2642 effecerunt
563 2593 602 2636 ex
635 2575 722 2637 omni
753 2577 844 2657 parte
867 2574 1037 2657 integram.
1061 2570 1211 2635 Dubitari
1234 2573 1362 2634 tentum
1385 2573 1490 2655 potest
1515 2569 1553 2634 de

362 2678 463 2744 altera
486 2684 576 2763 parte
600 2677 713 2742 scholii
736 2677 802 2758 (3);
838 2698 933 2754 „uam
957 2698 1031 2742 cum
1055 2675 1238 2742 neminem”
1263 2680 1349 2753 cett,
1374 2696 1471 2761 quam
1494 2674 1554 2740 Ed.

362 2785 495 2850 fortasse
519 2782 642 2850 addidit
665 2783 764 2849 simul
788 2805 863 2848 cum
887 2783 945 2865 (4).

408 2890 510 2956 [hid.
530 2889 577 2954 lll
597 2890 628 2954 2.
643 2889 685 2955 26
700 2911 767 2976 sqq.
792 2889 935 2958 Canth.
957 2889 1040 2970 Quid
1059 2888 1202 2966 festinas,
1216 2885 1377 2955 miGetal
1397 2889 1552 2952 Animam

361 3000 475 3083 recipe.
512 2993 579 3065 Ge.
600 2997 734 3061 Prorsus
748 3047 755 3062 .
771 3045 800 3063 ..
837 2995 966 3062 Sostr.
988 2995 1071 3076 Quid
1091 2999 1175 3060 istuc
1197 2995 1369 3080 „prorsus”
1392 3016 1469 3080 ergo
1486 2992 1555 3062 est?

363 3102 428 3168 (le.
454 3102 625 3167 Periimue.
651 3104 770 3167 Actum
794 3108 853 3168 est.
889 3102 1017 3168 Sostr.
1042 3101 1216 3186 Eloquere,
1237 3102 1381 3178 obsecro,
1403 3100 1480 3187 quid
1500 3103 1554 3166 sit.

363 3206 429 3275 Ge.
461 3208 531 3272 lam
640 3208 768 3274 Sostr.
801 3207 889 3288 Quid·
918 3207 1037 3286 „iam'',
1071 3203 1175 3273 Geta?
1210 3204 1275 3273 Ge.
1301 3207 1480 3271 Aeschinus

362 3315 489 3382 Soetr.
514 3313 597 3394 Quid
622 3317 650 3379 is
674 3312 772 3400 ergo?
809 3311 874 3380 Ge.
901 3313 1033 3378 Alienus
1058 3317 1107 3378 est
1130 3313 1169 3377 ab
1193 3319 1299 3377 nostra
1323 3311 1446 3377 familia

408 3420 488 3486 Don.
515 3419 552 3484 ad
577 3419 639 3486 26:
664 3419 713 3501 (1)
737 3420 821 3506 Apta
846 3419 998 3496 κόμματα
1022 3419 1104 3484 fesso
1128 3425 1161 3484 et
1184 3418 1349 3484 anhelanti
1372 3419 1412 3483 ob
1436 3421 1559 3503 pertur-

362 3527 523 3591 bationem
556 3529 589 3590 et
619 3531 805 3590 contentum
835 3547 975 3591 cursum.
1045 3526 1093 3604 (2)
1125 3525 1297 3602 „Animam
1320 3523 1446 3608 reoipo''
1472 3523 1558 3609 quod

361 3634 395 3696 in
418 3631 554 3697 lectione
577 3638 672 3716 gestu
696 3632 820 3697 ostendi
844 3634 979 3697 minime
1002 3633 1126 3716 potuit,
1151 3631 1184 3695 id
1208 3652 1245 3696 ex
1267 3629 1374 3695 verbis
1395 3629 1557 3695 Sostratae

363 3737 541 3803 ostenditur
570 3740 606 3800 in
637 3735 736 3815 Geta;
769 3760 844 3804 nam
874 3737 944 3802 ideo
979 3736 1097 3802 dicitnr
1122 3739 1284 3814 „animam
1309 3735 1446 3821 reoipo”,
1471 3734 1555 3820 quod

360 3842 417 3908 ille
441 3865 516 3929 prae
540 3843 683 3908 anhelitu
708 3846 864 3909 crebriora
888 3844 985 3909 verba
1010 3845 1197 3908 continuare
1219 3864 1283 3907 non
1308 3844 1417 3928 possit.

407 3951 456 4015 Ad
481 3948 523 4017 27
550 3953 688 4029 „Actum
714 3950 782 4016 est’'
805 3973 871 4036 sqq.
905 3950 952 4031 (2)
976 3950 1043 4014 lam
1068 3950 1120 4014 hio
1141 3949 1214 4035 plus
1234 3955 1330 4034 gestu
1351 3968 1448 4034 quam
1467 3947 1557 4012 dictu

361 4059 479 4143 agitur,
506 4060 597 4143 quia,
630 4065 664 4122 ct
687 4080 780 4140 orqrrc
804 4058 944 4135 dicimur,
970 4063 1003 4121 et
1025 4055 1128 4121 lassus
1152 4060 1200 4121 est
1225 4057 1281 4140 qui
1305 4056 1433 4118 nuntiat
1457 4058 1489 4118 et
1511 4055 1560 4117 in·

362 4170 508 4249 tegratnr
543 4164 631 4230 dolor
665 4166 792 4242 nuntii,
832 4187 908 4230 oum
948 4163 1032 4248 apud
1067 4162 1160 4228 illam
1195 4161 1349 4247 loquitur,
1386 4159 1425 4227 ad
1459 4181 1557 4246 quem

401 4410 424 4473 l)
447 4410 471 4458 si
496 4409 615 4459 Probus
632 4409 815 4459 distinctionum
832 4413 916 4460 auctor
933 4412 976 4470 est,
998 4413 1024 4459 ut
1044 4411 1226 4457 Wersnorns
1244 4405 1368 4456 contendit
1385 4405 1410 4454 in
1429 4403 1491 4454 libro
1515 4405 1558 4454 nde

363 4491 465 4540 Aemilio
485 4491 587 4556 Aspro'’,
605 4492 644 4540 hic
661 4491 726 4541 locus
743 4491 862 4542 addendus
880 4496 914 4541 ost
933 4493 976 4551 iis,
994 4509 1053 4556 quos
1070 4491 1154 4540 citavit
1171 4506 1196 4555 p.
1215 4489 1244 4538 21
1256 4505 1290 4552 sq.
