3450 5382
718 383 873 432 nonanus.
899 401 903 406 <
971 401 972 404 ¹
1332 365 1395 432 137

201 552 276 610 runt
311 548 471 632 magistri.
504 546 650 633 Denique
675 547 718 613 30
730 547 777 629 (2)
801 547 854 614 vel
878 548 1103 634 Interpolatori
1125 549 1223 613 nimis
1247 551 1395 634 ineptum

201 658 265 730 est,
297 654 361 717 nisi
391 653 524 720 fortasse
556 656 718 740 scripserit
741 657 803 720 sio:
831 653 1013 740 „Rescripsi
1037 653 1124 719 illis'’
1152 654 1332 733 „dedidi‚
1360 663 1397 721 ut

202 758 287 843 apud
310 757 429 845 Verg.''
454 765 540 839 6611,
565 762 622 826 ubi
646 782 703 846 pro
729 760 893 840 „diditur”
918 760 1001 847 legit
1021 760 1204 840 „deditur’',
1229 761 1313 826 undo
1337 784 1394 847 pu-

199 867 283 930 tavit
308 867 476 951 „rescripsi
499 864 587 931 illis''
612 866 711 932 simul
735 867 931 954 significare:
955 870 1039 932 inter
1063 888 1116 933 eos
1140 867 1302 933 distribui.

244 971 281 1036 ln
304 978 485 1038 commento
508 976 612 1059 igitur
634 974 693 1039 hoo
716 984 800 1039 erata
827 972 1012 1052 „Rescribi”
1038 973 1144 1053 reddi;
1171 976 1322 1060 quoniam
1341 974 1394 1040 ad-

200 1081 453 1143 numerationem
549 1081 665 1166 quihus
690 1078 827 1145 dabuil’'
852 1080 966 1145 Editor
984 1085 1056 1144 tum
1076 1080 1257 1166 supplevit:
1274 1080 1394 1158 „Haeo

198 1189 246 1248 est
275 1205 352 1270 ergo
455 1187 621 1264 sumunt”,
653 1187 862 1272 adiunxitque
893 1186 950 1268 (3).
1021 1186 1163 1252 'Pandam
1194 1185 1394 1272 Oompilator

199 1311 238 1354 ex
262 1293 407 1376 margine
429 1293 566 1358 inseruit
591 1292 733 1372 „scilieet
756 1315 787 1379 p.
809 1315 852 1358 m.
875 1314 900 1358 s.
922 1292 1004 1358 sor.''
1028 1295 1062 1357 in
1083 1293 1140 1374 (1).
1211 1292 1261 1358 Ad
1281 1315 1328 1360 vs.
1351 1293 1394 1358 30

200 1395 342 1462 Donatus
366 1398 508 1464 vaeahet.

246 1501 325 1567 Ibid.
352 1502 395 1568 50
429 1502 519 1571 Ohr.
544 1503 662 1569 Nullus
687 1527 759 1571 sum
864 1503 1018 1591 Sepultus
1041 1525 1115 1569 sum

246 1608 420 1694 „Sepultus
452 1610 546 1676 sum'’
573 1610 713 1690 αὔξησις.
780 1611 834 1677 sic
857 1611 938 1677 Don.
963 1611 1097 1676 Addidit
1119 1610 1197 1677 Ed:
1223 1633 1298 1676 nam
1321 1610 1395 1698 plus

198 1721 247 1780 est
268 1737 365 1800 quam
389 1715 498 1782 nullus
520 1739 605 1782 sum.

243 1822 324 1889 Ibid.
351 1822 394 1889 60
407 1822 455 1905 (2)
491 1825 622 1910 Proprie
646 1822 806 1889 militibus
830 1824 1055 1890 adscribuntur
1078 1823 1216 1902 „faota''.
1285 1823 1391 1893 Sehol.

197 1933 394 2014 suspectum.

243 2034 324 2100 Ibid.
350 2033 392 2099 95
427 2035 499 2101 Nisi
522 2037 677 2120 sequitur,
703 2056 829 2121 pugnos
852 2038 885 2100 in
909 2041 1054 2102 ventrem
1077 2038 1189 2121 ingere

243 2140 290 2221 (l)
314 2139 441 2206 Urbane
467 2144 519 2221 „in
544 2141 710 2208 ventrem''
733 2144 824 2227 quasi
843 2146 992 2228 parasito.
1062 2141 1108 2225 (2)
1127 2144 1178 2205 An
1200 2141 1389 2220 „ventrem”

200 2249 307 2311 totum
331 2249 508 2342 parasitum
534 2246 627 2326 111611,
654 2254 691 2313 ut
714 2247 859 2313 Lucilius
880 2247 1069 2313 insecundo
1093 2249 1218 2325 „vivite
1237 2248 1395 2327 lurcones,

196 2352 400 2431 oomedones,
435 2356 538 2420 vivite
573 2360 702 2422 ventres
710 2351 743 2417 l''
821 2352 869 2433 (3)
903 2355 953 2418 An
989 2353 1188 2440 simpliciter,
1225 2357 1300 2440 quia
1319 2364 1320 2368 ’
1336 2357 1392 2440 qui

195 2461 315 2524 rest'tit
336 2480 395 2524 neo
418 2463 564 2545 sequitur
586 2459 672 2526 eollo
696 2459 876 2525 trahentem
901 2460 1045 2540 obtorto,
1065 2461 1242 2546 repandum
1263 2482 1295 2526 se
1316 2462 1393 2527 facit

143 2647 147 2655 Ι
197 2570 230 2630 61
254 2571 400 2632 ventrem
424 2569 556 2652 proicit,
581 2589 656 2633 eum
679 2570 714 2632 in
738 2573 884 2633 ventrem
908 2566 1032 2646 feritur,
1057 2569 1208 2632 66111161
1227 2565 1393 2652 sequitur?

241 2673 405 2738 Particula
430 2674 523 2751 „An”
548 2675 586 2740 ab
609 2675 703 2739 initio
725 2673 822 2738 sohol.
844 2671 891 2755 (2)
911 2671 1022 2758 prooul
1042 2672 1139 2738 dubio
1159 2694 1177 2738 a
1198 2673 1392 2739 dormitante

195 2777 411 2865 Oompilatore
431 2781 497 2860 (vel
516 2781 646 2847 librario
655 2779 681 2862 l)
700 2783 819 2846 inserte
839 2785 887 2845 est
906 2780 944 2846 ad
961 2780 1146 2866 exemplum
1160 2783 1321 2865 sequentis
1333 2780 1390 2862 (3).

194 2885 325 2950 Etenim
350 2885 398 2967 (2)
424 2907 487 2951 non
511 2889 683 2973 opponitur
705 2885 907 2972 praecedenti
931 2885 1069 2963 soholio,
1094 2885 1148 2950 sed
1173 2885 1311 2970 explieat
1334 2907 1392 2951 eur

194 2996 342 3056 venter
373 2993 533 3069 „urbane”
565 2996 587 3058 i.
602 3015 628 3058 e.
661 2992 784 3078 lepido,
818 2993 855 3057 of.
889 3013 985 3077 supra
1008 3013 1039 3077 p.
1066 2990 1389 3071 132611111240,

194 3103 369 3183 usurpatus
399 3119 466 3164 esse
498 3100 633 3164 dicatur.
704 3099 740 3164 In
765 3096 1308 3184 (3)(16111611611111111661111161616,
1334 3099 1390 3182 qui

195 3205 314 3268 mentis
350 3207 435 3283 aeia,
472 3227 536 3290 qua
570 3227 633 3270 non
665 3211 768 3283 earet,
801 3204 957 3282 abutitur,
991 3209 1028 3269 ut
1059 3224 1166 3289 saepe,
1200 3205 1234 3266 in
1259 3209 1390 3288 argutas

194 3312 408 3375 enarrationes
433 3312 530 3376 nimis
552 3312 652 3397 longe
676 3312 851 3376 arcessitae.

242 3522 269 3588 V
294 3521 324 3588 9.
339 3522 382 3587 59
420 3521 469 3588 'Pu
494 3531 591 3590 tuum
615 3545 733 3590 nomen
757 3523 807 3588 (116
832 3522 909 3608 quid
932 3525 984 3588 sit.
1020 3522 1087 3587 Ph.
1111 3522 1264 3587 Phormio

242 3629 291 3710 (1)
322 3629 408 3694 Bene
440 3630 523 3696 dixit
555 3630 655 3710 „tu’':
687 3631 819 3695 interim
850 3632 1036 3715 pronomine
1066 3632 1181 3706 utitur,
1214 3628 1299 3714 quod
1332 3647 1396 3692 non

193 3735 290 3801 habet
321 3756 446 3800 nomen.
517 3736 565 3818 (2)
594 3721 650 3800 'An
681 3738 899 3822 potentiorum
929 3736 1187 3802 blandimentum
1209 3737 1292 3800 eirea
1317 3732 1398 3801 infe·

194 3842 291 3905 riores
315 3840 379 3904 fuit
403 3840 479 3920 hoo,
505 3846 543 3906 ut
566 3844 698 3906 nomina
721 3862 832 3907 eorum
857 3848 1045 3927 quaererent
1068 3847 1099 3906 et
1123 3861 1197 3906 oum
1218 3838 1396 3918 audissent,

193 3948 272 4031 ipsis
296 3947 480 4013 nominibus
505 3969 559 4014 eos
585 3947 814 4032 compellarent
837 3945 970 4013 statim?
995 3947 1047 4028 (of.
1073 3969 1121 4014 vs.
1147 3946 1214 4027 61).
1242 3944 1321 4014 'Pale
1347 3950 1397 4010 661

191 4055 225 4116 in
257 4052 316 4117 Ad.
350 4055 428 4139 „qui
457 4051 594 4120 1666161
627 4089 669 4104 -
696 4052 826 4144 <Geta>
852 4092 894 4104 -
928 4053 1027 4133 Geta,
1059 4053 1223 4119 hominem
1254 4053 1392 4119 maximi

191 4157 296 4245 preti''
322 4162 382 4224 eto.

236 4263 273 4329 In
298 4263 346 4344 (2)
369 4263 472 4329 166161
496 4264 708 4330 admirabitur
730 4267 886 4330 nimirum
911 4265 1053 4330 Editoris
1077 4285 1211 4330 aeumen
1235 4270 1267 4330 et
1286 4267 1391 4332 erudi-

189 4371 327 4448 tionem,
353 4391 418 4436 non
443 4371 527 4437 male
551 4392 634 4435 nuno
659 4370 713 4436 sed
733 4373 992 4437 commodissime
1014 4370 1173 4448 adhibita,
1196 4372 1249 4436 sed
1270 4371 1393 4439 desinet

192 4477 319 4554 mirari,
340 4478 369 4541 si
388 4474 507 4562 legerit
525 4478 626 4562 ipsius
647 4475 765 4542 Donati
785 4477 1020 4545 adnotationem
1041 4476 1080 4542 ad
1099 4475 1318 4562 Adelphorum
1330 4476 1389 4558 l.l.,
