3418 5392
671 363 833 415 nounrns.
1307 351 1351 418 95

158 529 333 607 intellexit,
356 550 432 594 cnm
450 531 485 593 in
503 527 551 610 (2)
566 550 623 615 per
643 529 747 607 „Sed”
768 534 976 617 impugnaret
993 531 1124 597 effatum
1137 532 1254 600 Donati
1266 535 1354 620 quod

159 637 220 702 hoc
249 637 358 721 ipsum
382 637 524 700 continet
547 634 631 720 quod
654 635 800 701 dicturus
822 642 880 701 est.
912 637 1098 704 Differentia
1122 637 1170 720 (3)
1193 646 1250 706 aut
1274 643 1356 706 eius-

159 741 230 806 dem
262 746 311 807 est
334 747 393 806 aut
417 739 498 805 alius
522 743 687 826 magistri,
712 743 764 806 uti
788 743 887 807 etiam
910 741 968 824 (4).
1004 743 1110 809 Schol.
1135 743 1183 826 (6)
1206 767 1282 811 cum
1306 745 1354 827 (5)

157 846 420 933 coniungendum
443 845 581 924 ridetur,
605 849 698 912 cuius
723 847 1004 933 amplificationem
1027 849 1187 934 quandam
1212 852 1353 919 exhibet.

157 952 382 1039 Interpretatio
413 949 462 1032 (7)
493 953 659 1018 arbitraria
691 960 756 1030 est,
782 959 814 1018 et
838 953 886 1036 (8)
910 955 1015 1021 denuo
1038 958 1072 1022 in
1094 960 1285 1023 memoriam
1309 979 1355 1024 re·

157 1065 250 1125 vocat
284 1079 364 1144 quae
400 1057 610 1144 interpolator
639 1079 736 1145 supra
769 1059 807 1124 de
838 1060 1035 1126 militaribus
1067 1063 1173 1128 verbis
1197 1063 1353 1149 protulit,

156 1170 335 1251 praeterea,
367 1167 417 1229 uti
446 1169 540 1229 autea
572 1163 709 1242 alicubi,
735 1166 795 1231 hoc
828 1187 954 1252 quoque
977 1166 1047 1232 loco
1072 1171 1191 1253 partim
1217 1172 1355 1236 concinit

156 1291 230 1335 cum
254 1269 459 1356 biographio,
484 1275 517 1335 et
539 1270 652 1336 eodem
675 1271 764 1336 fonte
790 1292 866 1336 usus
890 1293 958 1338 esse
981 1272 1118 1340 videtur.
1350 1285 1353 1291 '

199 1375 282 1440 'Ecce
307 1375 399 1461 ‘quod
424 1383 535 1441 censeo
560 1375 598 1440 ds
622 1375 746 1442 difficili
770 1376 965 1444 scholiorum
989 1377 1132 1464 sylloge,
1157 1386 1354 1447 nontamen

155 1483 216 1558 ita,
241 1487 279 1546 ut
302 1481 386 1546 mihi
409 1502 538 1566 prorsus
558 1482 763 1547 satisfaciam.
795 1481 866 1549 Hoc
882 1489 1006 1549 constat
1023 1482 1251 1550 Commentum
1268 1507 1356 1571 prae·

158 1593 207 1652 ter
225 1585 279 1652 IP
302 1587 341 1651 ab
366 1585 438 1652 aliis
462 1607 529 1652 esse
552 1587 803 1672 interpolatum,
828 1594 883 1674 qui
907 1588 1029 1654 scholia
1049 1609 1107 1654 sua
1127 1590 1197 1675 ((4)
1217 1588 1251 1672 (7
1272 1589 1355 1672 (stt)

157 1693 290 1758 fortasse
320 1694 355 1756 in
382 1695 527 1780 margine
550 1692 691 1760 Editoris
714 1693 964 1779 adscripserant,
989 1695 1074 1760 unde
1098 1700 1204 1760 totum
1228 1717 1356 1782 compo·

158 1800 223 1864 suit
248 1796 458 1884 Gompilator.

201 1904 283 1970 Ibid.
308 1903 352 1970 29
377 1903 521 1970 ¹Postulo
552 1910 590 1970 ut
621 1905 703 1970 mibi
733 1911 790 1970 tua
820 1905 934 1971 domus
965 1911 997 1973 te
1025 1914 1190 1993 praesente
1221 1909 1353 1975 absente

156 2015 282 2095 pateat,
305 2010 453 2074 invocato
477 2014 514 2074 ut
538 2012 581 2074 sit
602 2009 693 2075 locus
716 2031 843 2096 semper

201 2116 283 2181 Don.
315 2116 365 2197 (1)
398 2114 588 2194 „Invocato”
612 2138 675 2182 non
699 2122 830 2194 vocato,
854 2117 887 2182 id
911 2123 959 2184 est
986 2119 1181 2197 αὐτομάτως.
1210 2159 1249 2170 -
1278 2120 1353 2200 „in”

158 2223 278 2287 etenim
302 2227 334 2287 et
358 2227 457 2308 auget
479 2229 511 2290 et
533 2225 653 2289 minuit
678 2224 852 2288 dictionem
868 2221 902 2303 ¹).
928 2263 971 2272 —
994 2225 1055 2291 lld.
1079 2226 1128 2308 (2)
1152 2226 1238 2293 Male
1262 2226 1355 2293 intel-

155 2327 264 2414 ligunt
289 2327 488 2412 precibus
512 2335 678 2408 vocato,
703 2350 778 2394 cum
802 2333 845 2395 sit
869 2332 910 2412 τῷ
935 2334 1103 2415 αὐτομάτῳ
1126 2333 1159 2398 id
1183 2338 1232 2400 est
1254 2336 1352 2400 etiam

157 2441 217 2499 non
248 2435 406 2499 inritato:
439 2435 517 2519 quin
547 2434 634 2501 ultro
665 2437 774 2502 venire
798 2435 968 2502 debeatis
992 2459 1084 2504 suam
1109 2439 1253 2505 domum.

157 2539 302 2605 Imitatio
341 2538 460 2605 Donati
491 2539 592 2606 libera
626 2546 658 2606 et
693 2547 857 2626 suspectae
892 2541 1111 2609 Latininitatis
1146 2548 1260 2630 („quin

157 2644 270 2712 debeat
374 2644 512 2731 suam'').
647 2655 649 2658 ’

201 2749 283 2815 Ibid.
309 2749 352 2815 33
366 2749 414 2830 (3)
449 2749 528 2816 Vide
550 2773 647 2838 supra
673 2773 704 2839 p.
731 2751 786 2819 13.

199 2855 280 2921 Ibid.
306 2854 350 2920 34
385 2855 420 2922 Si
451 2860 482 2922 te
512 2859 546 2922 in
575 2857 682 2944 platee
709 2858 863 2925 offendero
887 2860 946 2926 hac
968 2866 1040 2946 post
1062 2884 1236 2949 umquam,
1262 2862 1346 2950 quod

155 2960 239 3026 dicas
263 2962 365 3028 mihi:
392 2962 526 3042 „Alium
550 2965 762 3050 quaerebam,
786 2967 849 3030 iter
871 2965 930 3031 bac
953 2967 1085 3046 habui'’,
1110 2972 1235 3054 periisti

200 3067 248 3149 (2)
275 3069 341 3133 Aut
364 3069 466 3148 deest,
492 3091 554 3134 non
579 3071 709 3149 <est>''‘
735 3075 773 3134 ut
796 3073 838 3136 sit
863 3093 946 3150 „non
970 3079 1017 3138 est
1041 3074 1126 3159 quod
1149 3074 1234 3140 dicas
1254 3075 1348 3153 mibi,

156 3174 202 3255 [id
233 3178 284 3239 est
315 3175 397 3240 nihil
427 3179 506 3258 est];
526 3180 589 3241 aut
615 3197 666 3262 „q-
688 3175 718 3242 d.
739 3176 806 3241 m.''
831 3199 888 3262 pro
913 3184 971 3258 „ut
995 3180 1080 3244 dicas
1103 3179 1219 3258 mihi’',
1242 3185 1281 3244 ut
1304 3183 1349 3245 sit

158 3280 285 3364 „quod”
315 3301 372 3365 pro
405 3279 496 3358 „ut”.
523 3287 646 3346 -aut
678 3282 805 3367 „quod”
836 3305 893 3369 pro
926 3284 1025 3369 „quid
1050 3286 1169 3364 enim’',
1203 3290 1265 3366 <ut
1287 3287 1348 3352 sit:

157 3386 233 3470 quid
257 3387 481 3461 enim>dicas
502 3387 596 3452 mihi.
620 3423 663 3436 -
686 3385 819 3454 Certum
842 3394 891 3455 eet
913 3397 1024 3456 autem
1048 3397 1170 3458 veteres
1193 3393 1239 3456 sic
1260 3390 1350 3456 locu·

158 3495 205 3556 tos
228 3512 309 3556 esse.
1343 3554 1347 3560 .

200 3597 255 3663 Sic
279 3597 423 3663 Donatus
439 3601 553 3664 minus
576 3605 661 3666 recte
680 3605 719 3665 ut
737 3601 881 3668 vidimus
900 3624 996 3689 supra
1016 3625 1047 3689 p.
1070 3602 1112 3669 81
1134 3603 1173 3670 sd
1192 3602 1281 3670 IV7.
1297 3602 1348 3670 15.

156 3700 308 3768 Oeterum
333 3704 449 3771 seclusi
473 3706 632 3772 emblema
656 3713 688 3772 et
711 3714 874 3793 praeterea
895 3708 1175 3795 interpolationem
1195 3709 1232 3775 de
1252 3712 1352 3796 signi·

156 3807 301 3874 ficatioue
324 3815 377 3874 roi
394 3810 503 3896 ,quid
526 3813 646 3892 enim”,
670 3835 768 3899 quam
791 3814 881 3880 Aelio
904 3817 1065 3901 imputare
1087 3819 1211 3898 veritus
1235 3837 1318 3882 sum.
1348 3855 1350 3858 -

198 3914 280 3980 Ibid.
307 3913 350 3980 35
386 3916 500 3982 Alium
523 3919 714 4004 quaerebam

200 4021 249 4098 (l)
280 4021 349 4085 Aut
381 4021 526 4098 „alium”
558 4046 614 4110 pro
646 4025 848 4111 „quendam”
880 4029 1007 4111 posuit,
1038 4033 1076 4091 ut
1106 4028 1164 4091 sit:
1189 4027 1348 4113 quendam

157 4128 364 4210 quaerebam,
389 4128 422 4194 id
444 4136 492 4195 est
515 4129 672 4215 aliquem;
698 4136 754 4197 aut
774 4169 816 4181 -
840 4129 983 4205 „alium”
1004 4133 1148 4198 honest:
1169 4154 1348 4218 nonquem

156 4240 266 4318 putas,
291 4234 351 4298 hoc
374 4241 423 4299 est
446 4234 575 4319 [alium]
599 4258 663 4302 non
685 4236 859 4317 Thaidem,
883 4274 921 4286 -
943 4238 998 4304 sed
1018 4241 1045 4303 si
1068 4237 1205 4317 „aliam”
1228 4237 1350 4306 diceret·

190 4461 217 4526 1)
235 4463 270 4510 De
286 4461 333 4514 hoe
350 4459 491 4512 emblemate
507 4459 561 4512 ride
578 4477 650 4528 snpra
666 4478 689 4528 p.
708 4465 740 4514 53
758 4464 789 4514 ed
806 4462 833 4512 11
852 4463 876 4516 Β.
885 4465 918 4513 db
928 4465 976 4526 (3).
