<?xml version="1.0" encoding="UTF-8"?>
<!DOCTYPE html PUBLIC "-//W3C//DTD XHTML 1.0 Transitional//EN"
    "http://www.w3.org/TR/xhtml1/DTD/xhtml1-transitional.dtd">
<html xmlns="http://www.w3.org/1999/xhtml" xml:lang="en" lang="en">
 <head>
  <title>
</title>
<meta http-equiv="Content-Type" content="text/html;charset=utf-8" />
  <meta name='ocr-system' content='tesseract 3.04.00' />
  <meta name='ocr-capabilities' content='ocr_page ocr_carea ocr_par ocr_line ocrx_word'/>
</head>
<body>
  <div class='ocr_page' id='page_1' title='image "./decommentidonat00karsgoog_0087.png"; bbox 0 0 3418 5392; ppageno 0'>
   <div class='ocr_carea' id='block_1_1' title="bbox 331 358 1020 429">
    <p class='ocr_par' dir='ltr' id='par_1_1' title="bbox 331 358 1020 429">
     <span class='ocr_line' id='line_1_1' title="bbox 331 358 1020 429; baseline -0.007 -2"><span class='ocrx_word' id='word_1_1' title='bbox 331 358 374 429; x_wconf 76' lang='lat'>74</span> <span class='ocrx_word' id='word_1_2' title='bbox 861 375 1020 423; x_wconf 66' lang='lat' dir='ltr'>nostrus.</span> 
     </span>
    </p>
   </div>
   <div class='ocr_carea' id='block_1_2' title="bbox 329 542 1528 1474">
    <p class='ocr_par' dir='ltr' id='par_1_2' title="bbox 329 542 1528 1474">
     <span class='ocr_line' id='line_1_2' title="bbox 422 542 1484 629; baseline -0.003 -19"><span class='ocrx_word' id='word_1_3' title='bbox 422 543 485 610; x_wconf 79' lang='lat' dir='ltr'>Sed</span> <span class='ocrx_word' id='word_1_4' title='bbox 504 542 586 613; x_wconf 89' lang='lat' dir='ltr'>nihil</span> <span class='ocrx_word' id='word_1_5' title='bbox 606 551 746 629; x_wconf 90' lang='lat' dir='ltr'>potesse;</span> <span class='ocrx_word' id='word_1_6' title='bbox 770 564 882 610; x_wconf 86' lang='lat' dir='ltr'>verum</span> <span class='ocrx_word' id='word_1_7' title='bbox 902 543 1037 612; x_wconf 80' lang='lat' dir='ltr'>miserae</span> <span class='ocrx_word' id='word_1_8' title='bbox 1056 564 1119 607; x_wconf 87' lang='lat' dir='ltr'>non</span> <span class='ocrx_word' id='word_1_9' title='bbox 1138 544 1170 606; x_wconf 91' lang='lat' dir='ltr'>in</span> <span class='ocrx_word' id='word_1_10' title='bbox 1191 549 1332 608; x_wconf 77' lang='lat' dir='ltr'><strong>mentem</strong></span> <span class='ocrx_word' id='word_1_11' title='bbox 1354 547 1484 608; x_wconf 87' lang='lat' dir='ltr'>venerat</span> 
     </span>
     <span class='ocr_line' id='line_1_3' title="bbox 375 647 1524 738; baseline -0.001 -24"><span class='ocrx_word' id='word_1_12' title='bbox 375 651 455 716; x_wconf 88' lang='lat' dir='ltr'>Post</span> <span class='ocrx_word' id='word_1_13' title='bbox 473 652 772 738; x_wconf 78' lang='lat' dir='ltr'>interpretationem</span> <span class='ocrx_word' id='word_1_14' title='bbox 791 649 911 718; x_wconf 90' lang='lat' dir='ltr'>Donati</span> <span class='ocrx_word' id='word_1_15' title='bbox 929 649 994 714; x_wconf 90' lang='lat' dir='ltr'>IP:</span> <span class='ocrx_word' id='word_1_16' title='bbox 1015 649 1063 730; x_wconf 88' lang='lat'>(6)</span> <span class='ocrx_word' id='word_1_17' title='bbox 1083 650 1133 713; x_wconf 86' lang='lat' dir='ltr'>An</span> <span class='ocrx_word' id='word_1_18' title='bbox 1153 647 1241 714; x_wconf 91' lang='lat' dir='ltr'>aliud</span> <span class='ocrx_word' id='word_1_19' title='bbox 1260 671 1322 714; x_wconf 88' lang='lat' dir='ltr'>non</span> <span class='ocrx_word' id='word_1_20' title='bbox 1334 652 1369 714; x_wconf 89' lang='lat' dir='ltr'>in</span> <span class='ocrx_word' id='word_1_21' title='bbox 1381 654 1524 715; x_wconf 87' lang='lat' dir='ltr'>montem</span> 
     </span>
     <span class='ocr_line' id='line_1_4' title="bbox 329 753 1525 840; baseline -0.002 -17"><span class='ocrx_word' id='word_1_22' title='bbox 329 761 478 834; x_wconf 89' lang='lat' dir='ltr'>venerat,</span> <span class='ocrx_word' id='word_1_23' title='bbox 508 779 571 822; x_wconf 92' lang='lat' dir='ltr'>non</span> <span class='ocrx_word' id='word_1_24' title='bbox 603 755 725 822; x_wconf 89' lang='lat' dir='ltr'>scilicet</span> <span class='ocrx_word' id='word_1_25' title='bbox 754 757 917 826; x_wconf 79' lang='lat' dir='ltr'>facturum</span> <span class='ocrx_word' id='word_1_26' title='bbox 947 756 1045 821; x_wconf 87' lang='lat' dir='ltr'>fuisse</span> <span class='ocrx_word' id='word_1_27' title='bbox 1072 755 1157 840; x_wconf 89' lang='lat' dir='ltr'>quod</span> <span class='ocrx_word' id='word_1_28' title='bbox 1180 753 1277 821; x_wconf 81' lang='lat' dir='ltr'>fecit?</span> <span class='ocrx_word' id='word_1_29' title='bbox 1334 754 1525 822; x_wconf 77' lang='lat' dir='ltr'>Coniectura</span> 
     </span>
     <span class='ocr_line' id='line_1_5' title="bbox 329 860 1522 948; baseline -0.002 -21"><span class='ocrx_word' id='word_1_30' title='bbox 329 861 425 940; x_wconf 84' lang='lat' dir='ltr'>falsa,</span> <span class='ocrx_word' id='word_1_31' title='bbox 460 865 513 927; x_wconf 90' lang='lat' dir='ltr'>cui</span> <span class='ocrx_word' id='word_1_32' title='bbox 547 862 709 947; x_wconf 89' lang='lat' dir='ltr'>praecedit</span> <span class='ocrx_word' id='word_1_33' title='bbox 744 861 827 928; x_wconf 89' lang='lat' dir='ltr'>alins</span> <span class='ocrx_word' id='word_1_34' title='bbox 862 863 1012 948; x_wconf 78' lang='lat' dir='ltr'>magistri</span> <span class='ocrx_word' id='word_1_35' title='bbox 1047 860 1218 947; x_wconf 82' lang='lat' dir='ltr'>explicatio</span> <span class='ocrx_word' id='word_1_36' title='bbox 1251 882 1380 946; x_wconf 90' lang='lat' dir='ltr'>prorsus</span> <span class='ocrx_word' id='word_1_37' title='bbox 1415 862 1522 926; x_wconf 88' lang='lat' dir='ltr'>fatua:</span> 
     </span>
     <span class='ocr_line' id='line_1_6' title="bbox 329 967 1501 1052; baseline 0 -19"><span class='ocrx_word' id='word_1_38' title='bbox 329 970 378 1049; x_wconf 85' lang='lat'>(5)</span> <span class='ocrx_word' id='word_1_39' title='bbox 404 967 462 1046; x_wconf 84' lang='lat' dir='ltr'>„In</span> <span class='ocrx_word' id='word_1_40' title='bbox 485 987 529 1034; x_wconf 88' lang='lat' dir='ltr'>m.</span> <span class='ocrx_word' id='word_1_41' title='bbox 554 991 586 1034; x_wconf 88' lang='lat' dir='ltr'>n.</span> <span class='ocrx_word' id='word_1_42' title='bbox 609 969 720 1038; x_wconf 72' lang='lat' dir='ltr'>renis’</span> <span class='ocrx_word' id='word_1_43' title='bbox 745 989 807 1033; x_wconf 93' lang='lat' dir='ltr'>non</span> <span class='ocrx_word' id='word_1_44' title='bbox 835 967 920 1052; x_wconf 89' lang='lat' dir='ltr'>quod</span> <span class='ocrx_word' id='word_1_45' title='bbox 944 968 1126 1045; x_wconf 81' lang='lat' dir='ltr'>audieram,</span> <span class='ocrx_word' id='word_1_46' title='bbox 1150 967 1205 1032; x_wconf 88' lang='lat' dir='ltr'>sed</span> <span class='ocrx_word' id='word_1_47' title='bbox 1230 967 1314 1052; x_wconf 92' lang='lat' dir='ltr'>quod</span> <span class='ocrx_word' id='word_1_48' title='bbox 1338 969 1391 1033; x_wconf 92' lang='lat' dir='ltr'>hic</span> <span class='ocrx_word' id='word_1_49' title='bbox 1415 968 1501 1033; x_wconf 84' lang='lat' dir='ltr'>fecit.</span> 
     </span>
     <span class='ocr_line' id='line_1_7' title="bbox 376 1072 1523 1159; baseline -0.001 -20"><span class='ocrx_word' id='word_1_50' title='bbox 376 1073 423 1139; x_wconf 88' lang='lat' dir='ltr'>De</span> <span class='ocrx_word' id='word_1_51' title='bbox 454 1073 584 1144; x_wconf 78' lang='lat' dir='ltr'>scholiis</span> <span class='ocrx_word' id='word_1_52' title='bbox 617 1073 665 1154; x_wconf 84' lang='lat'>(2)</span> <span class='ocrx_word' id='word_1_53' title='bbox 685 1095 753 1159; x_wconf 86' lang='lat' dir='ltr'><strong>sqq.</strong></span> <span class='ocrx_word' id='word_1_54' title='bbox 785 1082 818 1140; x_wconf 90' lang='lat' dir='ltr'>et</span> <span class='ocrx_word' id='word_1_55' title='bbox 848 1072 903 1155; x_wconf 82' lang='grc'>(7)</span> <span class='ocrx_word' id='word_1_56' title='bbox 927 1073 1001 1138; x_wconf 84' lang='lat' dir='ltr'>ride</span> <span class='ocrx_word' id='word_1_57' title='bbox 1025 1073 1148 1138; x_wconf 88' lang='lat' dir='ltr'>Mnem.</span> <span class='ocrx_word' id='word_1_58' title='bbox 1172 1072 1318 1138; x_wconf 87' lang='lat' dir='ltr'>XXXIII</span> <span class='ocrx_word' id='word_1_59' title='bbox 1340 1096 1372 1159; x_wconf 89' lang='lat' dir='ltr'>p.</span> <span class='ocrx_word' id='word_1_60' title='bbox 1397 1073 1464 1140; x_wconf 80' lang='lat'>256</span> <span class='ocrx_word' id='word_1_61' title='bbox 1477 1095 1523 1158; x_wconf 92' lang='lat' dir='ltr'>sq.</span> 
     </span>
     <span class='ocr_line' id='line_1_8' title="bbox 331 1177 1526 1270; baseline -0.003 -22"><span class='ocrx_word' id='word_1_62' title='bbox 331 1187 363 1248; x_wconf 89' lang='lat' dir='ltr'>ct</span> <span class='ocrx_word' id='word_1_63' title='bbox 394 1201 490 1270; x_wconf 80' lang='lat' dir='ltr'>supra</span> <span class='ocrx_word' id='word_1_64' title='bbox 520 1201 552 1265; x_wconf 92' lang='lat' dir='ltr'>p.</span> <span class='ocrx_word' id='word_1_65' title='bbox 577 1179 632 1244; x_wconf 78' lang='lat'>22.</span> <span class='ocrx_word' id='word_1_66' title='bbox 669 1177 821 1246; x_wconf 87' lang='lat' dir='ltr'>Ceterum</span> <span class='ocrx_word' id='word_1_67' title='bbox 852 1179 964 1246; x_wconf 77' lang='lat' dir='ltr'>Editor</span> <span class='ocrx_word' id='word_1_68' title='bbox 995 1178 1152 1246; x_wconf 89' lang='lat' dir='ltr'>scholium</span> <span class='ocrx_word' id='word_1_69' title='bbox 1183 1201 1280 1245; x_wconf 90' lang='lat' dir='ltr'>suum</span> <span class='ocrx_word' id='word_1_70' title='bbox 1303 1178 1351 1260; x_wconf 89' lang='grc'>(6)</span> <span class='ocrx_word' id='word_1_71' title='bbox 1373 1185 1526 1265; x_wconf 86' lang='lat' dir='ltr'>posuerat</span> 
     </span>
     <span class='ocr_line' id='line_1_9' title="bbox 332 1283 1528 1372; baseline -0.001 -21"><span class='ocrx_word' id='word_1_72' title='bbox 332 1292 404 1372; x_wconf 88' lang='lat' dir='ltr'>post</span> <span class='ocrx_word' id='word_1_73' title='bbox 434 1284 482 1367; x_wconf 82' lang='lat'>(3)</span> <span class='ocrx_word' id='word_1_74' title='bbox 512 1285 629 1352; x_wconf 89' lang='lat' dir='ltr'>Donati</span> <span class='ocrx_word' id='word_1_75' title='bbox 635 1306 644 1364; x_wconf 88' lang='lat'>;</span> <span class='ocrx_word' id='word_1_76' title='bbox 678 1283 877 1371; x_wconf 76' lang='lat' dir='ltr'>compilator</span> <span class='ocrx_word' id='word_1_77' title='bbox 901 1286 1031 1351; x_wconf 91' lang='lat' dir='ltr'>demum</span> <span class='ocrx_word' id='word_1_78' title='bbox 1054 1287 1191 1352; x_wconf 90' lang='lat' dir='ltr'>inseruit</span> <span class='ocrx_word' id='word_1_79' title='bbox 1214 1292 1399 1372; x_wconf 82' lang='lat' dir='ltr'>excerptum</span> <span class='ocrx_word' id='word_1_80' title='bbox 1424 1287 1472 1368; x_wconf 88' lang='lat'>(4)</span> <span class='ocrx_word' id='word_1_81' title='bbox 1495 1289 1528 1350; x_wconf 89' lang='lat' dir='ltr'>et</span> 
     </span>
     <span class='ocr_line' id='line_1_10' title="bbox 331 1390 708 1474; baseline 0 -17"><span class='ocrx_word' id='word_1_82' title='bbox 331 1390 627 1457; x_wconf 86' lang='lat' dir='ltr'>adnotatiunculam</span> <span class='ocrx_word' id='word_1_83' title='bbox 651 1391 708 1474; x_wconf 86' lang='lat'>(5).</span> 
     </span>
    </p>
   </div>
   <div class='ocr_carea' id='block_1_3' title="bbox 377 1634 981 1714">
    <p class='ocr_par' dir='ltr' id='par_1_3' title="bbox 377 1634 981 1714">
     <span class='ocr_line' id='line_1_11' title="bbox 377 1634 981 1714; baseline 0 -14"><span class='ocrx_word' id='word_1_84' title='bbox 377 1635 421 1700; x_wconf 88' lang='lat' dir='ltr'>IV</span> <span class='ocrx_word' id='word_1_85' title='bbox 445 1635 511 1700; x_wconf 84' lang='grc'>4.2</span> <span class='ocrx_word' id='word_1_86' title='bbox 547 1635 663 1714; x_wconf 89' lang='lat' dir='ltr'>Prodi,</span> <span class='ocrx_word' id='word_1_87' title='bbox 689 1635 775 1701; x_wconf 92' lang='lat' dir='ltr'>male</span> <span class='ocrx_word' id='word_1_88' title='bbox 798 1634 981 1701; x_wconf 84' lang='lat' dir='ltr'>conciliate!</span> 
     </span>
    </p>
   </div>
   <div class='ocr_carea' id='block_1_4' title="bbox 330 1739 1529 4046">
    <p class='ocr_par' dir='ltr' id='par_1_4' title="bbox 330 1739 1528 2359">
     <span class='ocr_line' id='line_1_12' title="bbox 378 1739 1528 1826; baseline -0.001 -20"><span class='ocrx_word' id='word_1_89' title='bbox 378 1741 522 1807; x_wconf 82' lang='lat' dir='ltr'>Donatus</span> <span class='ocrx_word' id='word_1_90' title='bbox 553 1743 587 1806; x_wconf 91' lang='lat' dir='ltr'>in</span> <span class='ocrx_word' id='word_1_91' title='bbox 621 1743 670 1822; x_wconf 88' lang='grc'>(3)</span> <span class='ocrx_word' id='word_1_92' title='bbox 701 1739 873 1806; x_wconf 82' lang='lat' dir='ltr'>declaravIt</span> <span class='ocrx_word' id='word_1_93' title='bbox 905 1741 982 1826; x_wconf 92' lang='lat' dir='ltr'>quid</span> <span class='ocrx_word' id='word_1_94' title='bbox 1015 1743 1058 1807; x_wconf 89' lang='lat' dir='ltr'>sit</span> <span class='ocrx_word' id='word_1_95' title='bbox 1090 1741 1194 1819; x_wconf 90' lang='lat' dir='ltr'>„male</span> <span class='ocrx_word' id='word_1_96' title='bbox 1217 1741 1417 1807; x_wconf 86' lang='lat' dir='ltr'>conciliate’&#39;.</span> <span class='ocrx_word' id='word_1_97' title='bbox 1442 1740 1528 1806; x_wconf 77' lang='lat' dir='ltr'>Tum</span> 
     </span>
     <span class='ocr_line' id='line_1_13' title="bbox 332 1848 1526 1933; baseline -0.002 -19"><span class='ocrx_word' id='word_1_98' title='bbox 332 1849 381 1914; x_wconf 93' lang='lat' dir='ltr'>IP</span> <span class='ocrx_word' id='word_1_99' title='bbox 403 1849 526 1914; x_wconf 87' lang='lat' dir='ltr'>addidit</span> <span class='ocrx_word' id='word_1_100' title='bbox 544 1850 626 1914; x_wconf 92' lang='lat' dir='ltr'>hanc</span> <span class='ocrx_word' id='word_1_101' title='bbox 646 1849 823 1914; x_wconf 80' lang='lat' dir='ltr'>doctrinam</span> <span class='ocrx_word' id='word_1_102' title='bbox 845 1848 936 1914; x_wconf 89' lang='lat' dir='ltr'>valde</span> <span class='ocrx_word' id='word_1_103' title='bbox 954 1854 1151 1933; x_wconf 88' lang='lat' dir='ltr'>suspectam:</span> <span class='ocrx_word' id='word_1_104' title='bbox 1172 1848 1220 1931; x_wconf 80' lang='grc'>(5)</span> <span class='ocrx_word' id='word_1_105' title='bbox 1232 1849 1343 1914; x_wconf 91' lang='lat' dir='ltr'>Omnis</span> <span class='ocrx_word' id='word_1_106' title='bbox 1355 1849 1526 1914; x_wconf 89' lang='lat' dir='ltr'>conventio</span> 
     </span>
     <span class='ocr_line' id='line_1_14' title="bbox 330 1953 1526 2040; baseline -0.002 -20"><span class='ocrx_word' id='word_1_107' title='bbox 330 1959 584 2040; x_wconf 87' lang='lat' dir='ltr'>uniuscuiusque</span> <span class='ocrx_word' id='word_1_108' title='bbox 603 1954 656 2035; x_wconf 89' lang='lat' dir='ltr'>(of.</span> <span class='ocrx_word' id='word_1_109' title='bbox 678 1975 745 2019; x_wconf 83' lang='lat' dir='ltr'>var.</span> <span class='ocrx_word' id='word_1_110' title='bbox 766 1953 802 2035; x_wconf 92' lang='grc'>1.)</span> <span class='ocrx_word' id='word_1_111' title='bbox 823 1957 994 2040; x_wconf 88' lang='lat' dir='ltr'>unicuique</span> <span class='ocrx_word' id='word_1_112' title='bbox 1018 1954 1270 2021; x_wconf 89' lang='lat' dir='ltr'>conciliatio</span> <span class='ocrx_word' id='word_1_113' title='bbox 1293 1957 1478 2021; x_wconf 90' lang='lat' dir='ltr'>nominatur</span> <span class='ocrx_word' id='word_1_114' title='bbox 1494 1953 1526 2034; x_wconf 88' lang='lat'>¹).</span> 
     </span>
     <span class='ocr_line' id='line_1_15' title="bbox 334 2060 1527 2148; baseline -0.001 -21"><span class='ocrx_word' id='word_1_115' title='bbox 334 2061 462 2127; x_wconf 77' lang='lat' dir='ltr'>Scholia</span> <span class='ocrx_word' id='word_1_116' title='bbox 487 2061 551 2142; x_wconf 81' lang='grc'>(4);</span> <span class='ocrx_word' id='word_1_117' title='bbox 583 2061 670 2148; x_wconf 78' lang='lat' dir='ltr'>Ergo</span> <span class='ocrx_word' id='word_1_118' title='bbox 695 2083 760 2136; x_wconf 87' lang='lat' dir='ltr'>‚,m.</span> <span class='ocrx_word' id='word_1_119' title='bbox 786 2061 835 2126; x_wconf 86' lang='lat' dir='ltr'>c.&#39;&#39;</span> <span class='ocrx_word' id='word_1_120' title='bbox 867 2082 986 2146; x_wconf 87' lang='lat' dir='ltr'>magno</span> <span class='ocrx_word' id='word_1_121' title='bbox 1017 2067 1124 2147; x_wconf 88' lang='lat' dir='ltr'>empte</span> <span class='ocrx_word' id='word_1_122' title='bbox 1150 2060 1325 2147; x_wconf 82' lang='lat' dir='ltr'>significat,</span> <span class='ocrx_word' id='word_1_123' title='bbox 1366 2068 1399 2127; x_wconf 91' lang='lat' dir='ltr'>et</span> <span class='ocrx_word' id='word_1_124' title='bbox 1421 2063 1470 2143; x_wconf 82' lang='lat'>(5)</span> <span class='ocrx_word' id='word_1_125' title='bbox 1492 2063 1527 2126; x_wconf 89' lang='lat' dir='ltr'>in</span> 
     </span>
     <span class='ocr_line' id='line_1_16' title="bbox 334 2166 1527 2252; baseline 0 -21"><span class='ocrx_word' id='word_1_126' title='bbox 334 2168 413 2232; x_wconf 88' lang='lat' dir='ltr'>fine:</span> <span class='ocrx_word' id='word_1_127' title='bbox 455 2166 714 2244; x_wconf 79' lang='lat' dir='ltr'>„ConciIiatum”</span> <span class='ocrx_word' id='word_1_128' title='bbox 749 2187 827 2252; x_wconf 80' lang='lat' dir='ltr'>ergo</span> <span class='ocrx_word' id='word_1_129' title='bbox 861 2187 980 2252; x_wconf 78' lang='lat' dir='ltr'>magno</span> <span class='ocrx_word' id='word_1_130' title='bbox 1016 2174 1180 2252; x_wconf 87' lang='lat' dir='ltr'>emptum,</span> <span class='ocrx_word' id='word_1_131' title='bbox 1218 2166 1389 2232; x_wconf 90' lang='lat' dir='ltr'>ostendunt</span> <span class='ocrx_word' id='word_1_132' title='bbox 1424 2171 1527 2252; x_wconf 85' lang='lat' dir='ltr'>genus</span> 
     </span>
     <span class='ocr_line' id='line_1_17' title="bbox 334 2271 1482 2359; baseline 0.001 -22"><span class='ocrx_word' id='word_1_133' title='bbox 334 2272 668 2338; x_wconf 89' lang='lat' dir='ltr'>conclusiuncularum</span> <span class='ocrx_word' id='word_1_134' title='bbox 691 2274 724 2335; x_wconf 95' lang='lat' dir='ltr'>in</span> <span class='ocrx_word' id='word_1_135' title='bbox 749 2271 838 2337; x_wconf 92' lang='lat' dir='ltr'>codd.</span> <span class='ocrx_word' id='word_1_136' title='bbox 864 2274 1082 2356; x_wconf 82' lang='lat' dir='ltr'>marginibus,</span> <span class='ocrx_word' id='word_1_137' title='bbox 1107 2272 1254 2338; x_wconf 93' lang='lat' dir='ltr'>debitum</span> <span class='ocrx_word' id='word_1_138' title='bbox 1276 2271 1482 2359; x_wconf 84' lang='lat' dir='ltr'>magistellis.</span> 
     </span>
    </p>

    <p class='ocr_par' dir='ltr' id='par_1_5' title="bbox 380 2377 1081 2450">
     <span class='ocr_line' id='line_1_18' title="bbox 380 2377 1081 2450; baseline 0.001 -8"><span class='ocrx_word' id='word_1_139' title='bbox 380 2378 460 2444; x_wconf 89' lang='lat' dir='ltr'>lbid.</span> <span class='ocrx_word' id='word_1_140' title='bbox 487 2377 539 2442; x_wconf 83' lang='lat'>14.</span> <span class='ocrx_word' id='word_1_141' title='bbox 574 2377 634 2443; x_wconf 93' lang='lat' dir='ltr'>llle</span> <span class='ocrx_word' id='word_1_142' title='bbox 658 2383 726 2443; x_wconf 89' lang='lat' dir='ltr'>erat</span> <span class='ocrx_word' id='word_1_143' title='bbox 749 2378 882 2450; x_wconf 83' lang='lat' dir='ltr'>honesta</span> <span class='ocrx_word' id='word_1_144' title='bbox 904 2379 985 2443; x_wconf 85' lang='lat' dir='ltr'>facie</span> <span class='ocrx_word' id='word_1_145' title='bbox 1079 2412 1081 2414; x_wconf 95' lang='lat'>·</span> 
     </span>
    </p>

    <p class='ocr_par' dir='ltr' id='par_1_6' title="bbox 335 2484 1528 2782">
     <span class='ocr_line' id='line_1_19' title="bbox 381 2484 1528 2569; baseline 0.002 -21"><span class='ocrx_word' id='word_1_146' title='bbox 381 2486 429 2566; x_wconf 87' lang='grc'>(1)</span> <span class='ocrx_word' id='word_1_147' title='bbox 462 2487 510 2563; x_wconf 80' lang='grc' dir='ltr'>Τῷ</span> <span class='ocrx_word' id='word_1_148' title='bbox 535 2485 698 2563; x_wconf 66' lang='lat' dir='ltr'>thermad</span> <span class='ocrx_word' id='word_1_149' title='bbox 729 2485 840 2562; x_wconf 85' lang='lat' dir='ltr'>„erat”</span> <span class='ocrx_word' id='word_1_150' title='bbox 864 2487 955 2568; x_wconf 88' lang='lat' dir='ltr'>quasi</span> <span class='ocrx_word' id='word_1_151' title='bbox 979 2485 1017 2549; x_wconf 94' lang='lat' dir='ltr'>de</span> <span class='ocrx_word' id='word_1_152' title='bbox 1041 2491 1179 2550; x_wconf 88' lang='lat' dir='ltr'>mortuo.</span> <span class='ocrx_word' id='word_1_153' title='bbox 1226 2485 1403 2569; x_wconf 82' lang='lat' dir='ltr'>Hucusque</span> <span class='ocrx_word' id='word_1_154' title='bbox 1427 2484 1528 2550; x_wconf 90' lang='lat' dir='ltr'>Dona·</span> 
     </span>
     <span class='ocr_line' id='line_1_20' title="bbox 335 2589 1526 2676; baseline -0.001 -21"><span class='ocrx_word' id='word_1_155' title='bbox 335 2594 408 2655; x_wconf 88' lang='lat' dir='ltr'>tum</span> <span class='ocrx_word' id='word_1_156' title='bbox 440 2610 594 2676; x_wconf 80' lang='lat' dir='ltr'>agnosco,</span> <span class='ocrx_word' id='word_1_157' title='bbox 629 2589 684 2654; x_wconf 86' lang='lat' dir='ltr'>aed</span> <span class='ocrx_word' id='word_1_158' title='bbox 715 2611 777 2655; x_wconf 89' lang='lat' dir='ltr'>non</span> <span class='ocrx_word' id='word_1_159' title='bbox 801 2589 957 2676; x_wconf 85' lang='lat' dir='ltr'>intellego</span> <span class='ocrx_word' id='word_1_160' title='bbox 981 2611 1061 2676; x_wconf 90' lang='lat' dir='ltr'>qnae</span> <span class='ocrx_word' id='word_1_161' title='bbox 1084 2596 1280 2676; x_wconf 88' lang='lat' dir='ltr'>sequuntur:</span> <span class='ocrx_word' id='word_1_162' title='bbox 1306 2596 1362 2656; x_wconf 90' lang='lat' dir='ltr'>aut</span> <span class='ocrx_word' id='word_1_163' title='bbox 1385 2593 1443 2676; x_wconf 89' lang='lat' dir='ltr'>qui</span> <span class='ocrx_word' id='word_1_164' title='bbox 1465 2611 1526 2656; x_wconf 87' lang='lat' dir='ltr'>non</span> 
     </span>
     <span class='ocr_line' id='line_1_21' title="bbox 335 2694 921 2782; baseline 0 -22"><span class='ocrx_word' id='word_1_165' title='bbox 335 2703 400 2775; x_wconf 88' lang='lat' dir='ltr'>est,</span> <span class='ocrx_word' id='word_1_166' title='bbox 426 2695 547 2760; x_wconf 88' lang='lat' dir='ltr'>scilicet</span> <span class='ocrx_word' id='word_1_167' title='bbox 569 2694 700 2772; x_wconf 80' lang='lat' dir='ltr'>Thaidi,</span> <span class='ocrx_word' id='word_1_168' title='bbox 726 2698 801 2781; x_wconf 91' lang='lat' dir='ltr'>quia</span> <span class='ocrx_word' id='word_1_169' title='bbox 824 2696 921 2782; x_wconf 81' lang='lat' dir='ltr'>fugit.</span> 
     </span>
    </p>

    <p class='ocr_par' dir='ltr' id='par_1_7' title="bbox 381 2800 815 2880">
     <span class='ocr_line' id='line_1_22' title="bbox 381 2800 815 2880; baseline 0.002 -14"><span class='ocrx_word' id='word_1_170' title='bbox 381 2801 461 2872; x_wconf 85' lang='lat' dir='ltr'>Ibid.</span> <span class='ocrx_word' id='word_1_171' title='bbox 489 2800 530 2865; x_wconf 86' lang='lat'>18</span> <span class='ocrx_word' id='word_1_172' title='bbox 566 2801 663 2880; x_wconf 79' lang='lat' dir='ltr'>Tace,</span> <span class='ocrx_word' id='word_1_173' title='bbox 687 2801 815 2867; x_wconf 90' lang='lat' dir='ltr'>obsecro</span> 
     </span>
    </p>

    <p class='ocr_par' dir='ltr' id='par_1_8' title="bbox 333 2906 1529 3404">
     <span class='ocr_line' id='line_1_23' title="bbox 381 2906 1528 2995; baseline -0.002 -19"><span class='ocrx_word' id='word_1_174' title='bbox 381 2907 429 2988; x_wconf 84' lang='lat' dir='ltr'>(l)</span> <span class='ocrx_word' id='word_1_175' title='bbox 459 2907 543 2993; x_wconf 86' lang='lat' dir='ltr'>Apte</span> <span class='ocrx_word' id='word_1_176' title='bbox 575 2906 699 2971; x_wconf 91' lang='lat' dir='ltr'>dictum</span> <span class='ocrx_word' id='word_1_177' title='bbox 731 2912 780 2972; x_wconf 88' lang='lat' dir='ltr'>est</span> <span class='ocrx_word' id='word_1_178' title='bbox 811 2908 922 2985; x_wconf 86' lang='lat' dir='ltr'>„tace”</span> <span class='ocrx_word' id='word_1_179' title='bbox 955 2907 1094 2973; x_wconf 87' lang='lat' dir='ltr'>femineo</span> <span class='ocrx_word' id='word_1_180' title='bbox 1121 2909 1284 2974; x_wconf 90' lang='lat' dir='ltr'>stomacho</span> <span class='ocrx_word' id='word_1_181' title='bbox 1308 2911 1400 2994; x_wconf 91' lang='lat' dir='ltr'>quasi</span> <span class='ocrx_word' id='word_1_182' title='bbox 1421 2911 1528 2995; x_wconf 89' lang='lat' dir='ltr'>impu-</span> 
     </span>
     <span class='ocr_line' id='line_1_24' title="bbox 335 3013 1528 3101; baseline 0.002 -23"><span class='ocrx_word' id='word_1_183' title='bbox 335 3014 446 3078; x_wconf 88' lang='lat' dir='ltr'>denter</span> <span class='ocrx_word' id='word_1_184' title='bbox 478 3015 639 3078; x_wconf 88' lang='lat' dir='ltr'>assistenti</span> <span class='ocrx_word' id='word_1_185' title='bbox 671 3013 791 3077; x_wconf 85' lang='lat' dir='ltr'>Iormae</span> <span class='ocrx_word' id='word_1_186' title='bbox 823 3013 988 3098; x_wconf 88' lang='lat' dir='ltr'>improbae</span> <span class='ocrx_word' id='word_1_187' title='bbox 1019 3019 1075 3094; x_wconf 90' lang='lat' dir='ltr'>(sc.</span> <span class='ocrx_word' id='word_1_188' title='bbox 1100 3014 1253 3096; x_wconf 91' lang='lat' dir='ltr'>eunuchi)</span> <span class='ocrx_word' id='word_1_189' title='bbox 1282 3020 1315 3080; x_wconf 91' lang='lat' dir='ltr'>et</span> <span class='ocrx_word' id='word_1_190' title='bbox 1337 3021 1528 3101; x_wconf 82' lang='lat' dir='ltr'>argumenta</span> 
     </span>
     <span class='ocr_line' id='line_1_25' title="bbox 334 3119 1527 3203; baseline 0.003 -21"><span class='ocrx_word' id='word_1_191' title='bbox 334 3121 473 3183; x_wconf 87' lang='lat' dir='ltr'>inaniter</span> <span class='ocrx_word' id='word_1_192' title='bbox 496 3121 764 3203; x_wconf 89' lang='lat' dir='ltr'>pertinaciterque</span> <span class='ocrx_word' id='word_1_193' title='bbox 782 3120 956 3184; x_wconf 85' lang='lat' dir='ltr'>invocanti.</span> <span class='ocrx_word' id='word_1_194' title='bbox 1010 3119 1059 3200; x_wconf 81' lang='grc'>(2)</span> <span class='ocrx_word' id='word_1_195' title='bbox 1082 3119 1129 3185; x_wconf 91' lang='lat' dir='ltr'>De</span> <span class='ocrx_word' id='word_1_196' title='bbox 1151 3120 1379 3186; x_wconf 88' lang='lat' dir='ltr'>consuetudine</span> <span class='ocrx_word' id='word_1_197' title='bbox 1405 3122 1527 3188; x_wconf 92' lang='lat' dir='ltr'>dictum</span> 
     </span>
     <span class='ocr_line' id='line_1_26' title="bbox 335 3225 1529 3312; baseline 0.004 -23"><span class='ocrx_word' id='word_1_198' title='bbox 335 3231 383 3290; x_wconf 90' lang='lat' dir='ltr'>est</span> <span class='ocrx_word' id='word_1_199' title='bbox 408 3226 519 3303; x_wconf 87' lang='lat' dir='ltr'>„tace”</span> <span class='ocrx_word' id='word_1_200' title='bbox 544 3230 575 3290; x_wconf 88' lang='lat' dir='ltr'>st</span> <span class='ocrx_word' id='word_1_201' title='bbox 599 3226 678 3294; x_wconf 88' lang='lat' dir='ltr'>bene</span> <span class='ocrx_word' id='word_1_202' title='bbox 702 3225 849 3290; x_wconf 86' lang='lat' dir='ltr'>additum</span> <span class='ocrx_word' id='word_1_203' title='bbox 873 3225 1055 3303; x_wconf 87' lang='lat' dir='ltr'>„obsecro”,</span> <span class='ocrx_word' id='word_1_204' title='bbox 1079 3247 1119 3290; x_wconf 89' lang='lat' dir='ltr'>ne</span> <span class='ocrx_word' id='word_1_205' title='bbox 1145 3227 1257 3304; x_wconf 85' lang='lat' dir='ltr'>„tace”</span> <span class='ocrx_word' id='word_1_206' title='bbox 1280 3229 1389 3312; x_wconf 87' lang='lat' dir='ltr'>ipsum</span> <span class='ocrx_word' id='word_1_207' title='bbox 1409 3228 1529 3307; x_wconf 77' lang='lat' dir='ltr'>ridere</span> 
     </span>
     <span class='ocr_line' id='line_1_27' title="bbox 333 3333 538 3404; baseline 0.024 -9"><span class='ocrx_word' id='word_1_208' title='bbox 333 3335 389 3395; x_wconf 88' lang='lat' dir='ltr'>tur</span> <span class='ocrx_word' id='word_1_209' title='bbox 411 3333 538 3404; x_wconf 74' lang='lat' dir='ltr'>iniuria.</span> 
     </span>
    </p>

    <p class='ocr_par' dir='ltr' id='par_1_9' title="bbox 335 3433 1528 3628">
     <span class='ocr_line' id='line_1_28' title="bbox 379 3433 1528 3525; baseline 0.003 -24"><span class='ocrx_word' id='word_1_210' title='bbox 379 3436 499 3506; x_wconf 85' lang='lat' dir='ltr'>Utrum</span> <span class='ocrx_word' id='word_1_211' title='bbox 531 3437 647 3504; x_wconf 89' lang='lat' dir='ltr'>horum</span> <span class='ocrx_word' id='word_1_212' title='bbox 677 3433 928 3521; x_wconf 79' lang='lat' dir='ltr'>interpolatum?</span> <span class='ocrx_word' id='word_1_213' title='bbox 957 3435 1057 3503; x_wconf 79' lang='lat' dir='ltr'>Credo</span> <span class='ocrx_word' id='word_1_214' title='bbox 1081 3437 1128 3519; x_wconf 93' lang='grc'>(1)</span> <span class='ocrx_word' id='word_1_215' title='bbox 1152 3442 1282 3525; x_wconf 85' lang='lat' dir='ltr'>propter</span> <span class='ocrx_word' id='word_1_216' title='bbox 1303 3441 1458 3504; x_wconf 90' lang='lat' dir='ltr'>orationis</span> <span class='ocrx_word' id='word_1_217' title='bbox 1481 3445 1528 3505; x_wconf 89' lang='lat' dir='ltr'>tu·</span> 
     </span>
     <span class='ocr_line' id='line_1_29' title="bbox 335 3540 850 3628; baseline 0.006 -21"><span class='ocrx_word' id='word_1_218' title='bbox 335 3562 459 3607; x_wconf 87' lang='lat' dir='ltr'>morem</span> <span class='ocrx_word' id='word_1_219' title='bbox 482 3544 515 3610; x_wconf 88' lang='lat' dir='ltr'>in</span> <span class='ocrx_word' id='word_1_220' title='bbox 539 3562 573 3608; x_wconf 88' lang='lat' dir='ltr'>re</span> <span class='ocrx_word' id='word_1_221' title='bbox 596 3540 747 3628; x_wconf 90' lang='lat' dir='ltr'>simplici.</span> <span class='ocrx_word' id='word_1_222' title='bbox 849 3605 850 3610; x_wconf 73' lang='grc'>,</span> 
     </span>
    </p>

    <p class='ocr_par' dir='ltr' id='par_1_10' title="bbox 379 3645 1357 3737">
     <span class='ocr_line' id='line_1_30' title="bbox 379 3645 1357 3737; baseline 0.005 -27"><span class='ocrx_word' id='word_1_223' title='bbox 379 3646 451 3711; x_wconf 92' lang='lat' dir='ltr'>Ihid</span> <span class='ocrx_word' id='word_1_224' title='bbox 472 3647 516 3712; x_wconf 81' lang='lat'>20</span> <span class='ocrx_word' id='word_1_225' title='bbox 541 3645 680 3716; x_wconf 76' lang='lat' dir='ltr'>Chaerea</span> <span class='ocrx_word' id='word_1_226' title='bbox 703 3668 721 3716; x_wconf 84' lang='lat' dir='ltr'>a</span> <span class='ocrx_word' id='word_1_227' title='bbox 745 3648 867 3737; x_wconf 80' lang='lat' dir='ltr'>Pythia</span> <span class='ocrx_word' id='word_1_228' title='bbox 889 3650 994 3714; x_wconf 87' lang='lat' dir='ltr'>invita</span> <span class='ocrx_word' id='word_1_229' title='bbox 1016 3648 1167 3713; x_wconf 86' lang='lat' dir='ltr'>laudatur</span> <span class='ocrx_word' id='word_1_230' title='bbox 1189 3655 1357 3736; x_wconf 89' lang='lat' dir='ltr'>tamquam</span> 
     </span>
    </p>

    <p class='ocr_par' dir='ltr' id='par_1_11' title="bbox 540 3754 1437 4046">
     <span class='ocr_line' id='line_1_31' title="bbox 987 3754 1255 3821; baseline 0.011 -3"><span class='ocrx_word' id='word_1_231' title='bbox 987 3754 1255 3821; x_wconf 83' lang='lat' dir='ltr'>Adulescentulus</span> 
     </span>
     <span class='ocr_line' id='line_1_32' title="bbox 540 3859 1270 3940; baseline 0.004 -17"><span class='ocrx_word' id='word_1_232' title='bbox 540 3859 642 3938; x_wconf 77' lang='lat' dir='ltr'>Quom</span> <span class='ocrx_word' id='word_1_233' title='bbox 665 3865 702 3924; x_wconf 87' lang='lat' dir='ltr'>tu</span> <span class='ocrx_word' id='word_1_234' title='bbox 727 3859 835 3925; x_wconf 85' lang='lat' dir='ltr'>ridere</span> <span class='ocrx_word' id='word_1_235' title='bbox 859 3880 934 3924; x_wconf 88' lang='lat' dir='ltr'>vero</span> <span class='ocrx_word' id='word_1_236' title='bbox 959 3859 1076 3940; x_wconf 84' lang='lat' dir='ltr'>velles,</span> <span class='ocrx_word' id='word_1_237' title='bbox 1102 3861 1270 3926; x_wconf 87' lang='lat' dir='ltr'>Phaedria.</span> 
     </span>
     <span class='ocr_line' id='line_1_33' title="bbox 540 3963 1437 4046; baseline 0.004 -18"><span class='ocrx_word' id='word_1_238' title='bbox 540 3964 603 4030; x_wconf 84' lang='lat' dir='ltr'>¹[lic</span> <span class='ocrx_word' id='word_1_239' title='bbox 626 3963 756 4046; x_wconf 88' lang='lat' dir='ltr'>(Dorus)</span> <span class='ocrx_word' id='word_1_240' title='bbox 781 3970 828 4030; x_wconf 88' lang='lat' dir='ltr'>est</span> <span class='ocrx_word' id='word_1_241' title='bbox 852 3968 975 4043; x_wconf 84' lang='lat' dir='ltr'>vietus,</span> <span class='ocrx_word' id='word_1_242' title='bbox 1000 3971 1108 4043; x_wconf 87' lang='lat' dir='ltr'>vetus,</span> <span class='ocrx_word' id='word_1_243' title='bbox 1133 3972 1318 4032; x_wconf 88' lang='lat' dir='ltr'>veternosus</span> <span class='ocrx_word' id='word_1_244' title='bbox 1341 3989 1437 4034; x_wconf 83' lang='lat' dir='ltr'>sonex</span> 
     </span>
    </p>
   </div>
   <div class='ocr_carea' id='block_1_5' title="bbox 339 4070 1528 4266">
    <p class='ocr_par' dir='ltr' id='par_1_12' title="bbox 339 4070 1528 4266">
     <span class='ocr_line' id='line_1_34' title="bbox 382 4070 1528 4159; baseline 0.002 -23"><span class='ocrx_word' id='word_1_245' title='bbox 382 4072 486 4157; x_wconf 79' lang='lat' dir='ltr'>Lepon</span> <span class='ocrx_word' id='word_1_246' title='bbox 507 4071 569 4136; x_wconf 92' lang='lat' dir='ltr'>loci</span> <span class='ocrx_word' id='word_1_247' title='bbox 591 4074 714 4157; x_wconf 91' lang='lat' dir='ltr'>positus</span> <span class='ocrx_word' id='word_1_248' title='bbox 738 4076 787 4136; x_wconf 85' lang='lat' dir='ltr'>est</span> <span class='ocrx_word' id='word_1_249' title='bbox 808 4073 842 4135; x_wconf 90' lang='lat' dir='ltr'>in</span> <span class='ocrx_word' id='word_1_250' title='bbox 866 4092 921 4148; x_wconf 90' lang='lat' dir='ltr'>eo,</span> <span class='ocrx_word' id='word_1_251' title='bbox 947 4070 1031 4156; x_wconf 90' lang='lat' dir='ltr'>quod</span> <span class='ocrx_word' id='word_1_252' title='bbox 1054 4094 1110 4137; x_wconf 91' lang='lat' dir='ltr'>nec</span> <span class='ocrx_word' id='word_1_253' title='bbox 1133 4072 1269 4159; x_wconf 88' lang='lat' dir='ltr'>Pythias</span> <span class='ocrx_word' id='word_1_254' title='bbox 1293 4094 1350 4139; x_wconf 90' lang='lat' dir='ltr'>nec</span> <span class='ocrx_word' id='word_1_255' title='bbox 1374 4073 1528 4140; x_wconf 88' lang='lat' dir='ltr'>Phaedria</span> 
     </span>
     <span class='ocr_line' id='line_1_35' title="bbox 339 4176 1527 4266; baseline 0.003 -26"><span class='ocrx_word' id='word_1_256' title='bbox 339 4180 432 4243; x_wconf 85' lang='lat' dir='ltr'>novit</span> <span class='ocrx_word' id='word_1_257' title='bbox 449 4198 534 4256; x_wconf 89' lang='lat' dir='ltr'>eum,</span> <span class='ocrx_word' id='word_1_258' title='bbox 556 4179 612 4264; x_wconf 92' lang='lat' dir='ltr'>qui</span> <span class='ocrx_word' id='word_1_259' title='bbox 630 4176 791 4255; x_wconf 87' lang='lat' dir='ltr'>laudatur,</span> <span class='ocrx_word' id='word_1_260' title='bbox 813 4198 879 4242; x_wconf 88' lang='lat' dir='ltr'>essa</span> <span class='ocrx_word' id='word_1_261' title='bbox 898 4177 997 4242; x_wconf 92' lang='lat' dir='ltr'>huius</span> <span class='ocrx_word' id='word_1_262' title='bbox 1016 4177 1165 4257; x_wconf 88' lang='lat' dir='ltr'>fratrem,</span> <span class='ocrx_word' id='word_1_263' title='bbox 1186 4199 1243 4244; x_wconf 86' lang='lat' dir='ltr'>nec</span> <span class='ocrx_word' id='word_1_264' title='bbox 1263 4201 1326 4246; x_wconf 87' lang='lat' dir='ltr'>non</span> <span class='ocrx_word' id='word_1_265' title='bbox 1341 4182 1376 4245; x_wconf 91' lang='lat' dir='ltr'>in</span> <span class='ocrx_word' id='word_1_266' title='bbox 1395 4201 1433 4246; x_wconf 91' lang='lat' dir='ltr'>eo</span> <span class='ocrx_word' id='word_1_267' title='bbox 1446 4179 1527 4266; x_wconf 91' lang='lat' dir='ltr'>quod</span> 
     </span>
    </p>
   </div>
   <div class='ocr_carea' id='block_1_6' title="bbox 368 4481 1442 4549">
    <p class='ocr_par' dir='ltr' id='par_1_13' title="bbox 368 4481 1442 4549">
     <span class='ocr_line' id='line_1_36' title="bbox 368 4481 1442 4549; baseline 0.004 -17"><span class='ocrx_word' id='word_1_268' title='bbox 368 4483 394 4548; x_wconf 93' lang='lat' dir='ltr'>l)</span> <span class='ocrx_word' id='word_1_269' title='bbox 421 4482 595 4549; x_wconf 77' lang='lat' dir='ltr'>hugraphi</span> <span class='ocrx_word' id='word_1_270' title='bbox 607 4499 652 4534; x_wconf 74' lang='lat' dir='ltr'>uss</span> <span class='ocrx_word' id='word_1_271' title='bbox 674 4497 719 4533; x_wconf 64' lang='lat' dir='ltr'>am.</span> <span class='ocrx_word' id='word_1_272' title='bbox 737 4481 775 4532; x_wconf 90' lang='lat' dir='ltr'>c.&#39;&#39;</span> <span class='ocrx_word' id='word_1_273' title='bbox 792 4481 854 4531; x_wconf 88' lang='lat' dir='ltr'>mule</span> <span class='ocrx_word' id='word_1_274' title='bbox 872 4483 959 4546; x_wconf 82' lang='lat' dir='ltr'>empto,</span> <span class='ocrx_word' id='word_1_275' title='bbox 976 4496 1032 4532; x_wconf 84' lang='lat' dir='ltr'>uem</span> <span class='ocrx_word' id='word_1_276' title='bbox 1050 4481 1177 4533; x_wconf 83' lang='lat' dir='ltr'>concilium</span> <span class='ocrx_word' id='word_1_277' title='bbox 1195 4482 1314 4534; x_wconf 84' lang='lat' dir='ltr'>nundinas</span> <span class='ocrx_word' id='word_1_278' title='bbox 1332 4483 1442 4536; x_wconf 81' lang='lat' dir='ltr'>dicimur.</span> 
     </span>
    </p>
   </div>
   <div class='ocr_carea' id='block_1_7' title="bbox 0 0 1721 5392">
    <p class='ocr_par' dir='ltr' id='par_1_14' title="bbox 0 0 1721 5392">
     <span class='ocr_line' id='line_1_37' title="bbox 0 0 1721 5392; baseline 0 0"><span class='ocrx_word' id='word_1_279' title='bbox 0 0 1721 5392; x_wconf 95' lang='lat' dir='ltr'> </span> 
     </span>
    </p>
   </div>
  </div>
 </body>
</html>
