3450 5382
347 357 392 424 96
869 370 1024 421 mannus.

347 559 450 623 neque
480 536 645 603 commode
676 557 779 622 neque
809 535 950 614 εὐφώνως
974 535 1168 622 loqueretur,
1196 535 1425 621 -praevalet
1448 538 1542 602 enim

348 643 562 709 masculinum
583 664 697 729 genus.

393 749 520 814 Fabia
555 769 653 834 paene
685 747 835 812 odoratus
866 747 994 812 videtur
1026 746 1103 832 quid
1133 749 1270 834 genuini
1301 754 1384 813 esset
1415 749 1447 813 in
1481 749 1545 814 hoc

347 854 466 919 acholio
489 875 563 918 cum
586 856 699 918 citaret
723 859 850 919 tantum
878 851 997 932 „Don.:
1023 851 1151 937 Alium,
1178 875 1241 918 non
1266 852 1455 919 Thaidem'.
1502 853 1547 918 nt

347 981 458 1026 revera
488 959 655 1025 recidenda
686 965 761 1024 sunt
792 961 900 1024 omnia
923 964 1048 1044 praeter
1070 959 1165 1024 haec:
1192 957 1344 1037 „Alium,
1369 961 1401 1024 h.
1427 981 1455 1026 e.
1479 981 1545 1024 non

348 1087 444 1152 quem
468 1071 579 1151 putas,
600 1065 632 1130 h.
653 1086 679 1130 e.
701 1064 872 1143 Thaidem
894 1063 1056 1150 praevalet
1075 1067 1160 1129 enim
1180 1086 1224 1128 m.
1245 1066 1379 1151 genus'’.
1405 1064 1545 1151 Reliqua

347 1171 460 1236 Editor
490 1169 622 1248 intulit,
654 1173 747 1237 cuius
778 1193 833 1238 vv.
866 1192 990 1256 „neque
1014 1170 1180 1236 commode
1203 1191 1305 1256 neque
1331 1167 1472 1251 εὐφώνως
1496 1171 1544 1235 1.”

346 1279 509 1362 imprimis
533 1275 612 1341 falsa
636 1282 721 1342 sunt.
1287 1279 1290 1284 '

393 1382 473 1448 lbid.
496 1379 538 1448 37
573 1383 669 1447 Prius
692 1380 800 1447 audite
824 1383 948 1468 paucis,
974 1381 1058 1467 quod
1081 1403 1156 1446 cum
1181 1381 1291 1448 dixero
1310 1382 1343 1447 si
1366 1380 1543 1467 placuerit,

574 1488 716 1553 Facitote

391 1595 439 1676 (1)
470 1595 556 1659 Mira
585 1597 800 1660 insinuatione
830 1596 918 1680 agit,
949 1595 1005 1679 qui
1036 1615 1098 1659 non
1124 1596 1162 1658 ut
1185 1592 1400 1673 consentiant,
1426 1592 1482 1658 aed
1507 1597 1545 1657 nt

347 1701 479 1767 audiant
507 1703 634 1786 paucis,
670 1703 762 1786 petit.
855 1699 903 1780 (2)
936 1701 1035 1765 Bene
1056 1700 1187 1786 „priua”
1221 1702 1312 1785 quasi
1344 1721 1405 1764 non
1438 1699 1545 1764 obstet

347 1809 518 1894 quominus
548 1807 667 1872 faciant
697 1806 783 1892 quod
814 1805 934 1889 velint3
967 1813 1038 1872 tum
1071 1805 1183 1872 deinde
1215 1806 1299 1892 quod
1330 1808 1544 1871 attentionem

347 1917 465 1979 excitat
489 1912 612 1978 addidit
636 1915 776 1998 „paucis
802 1909 915 1977 deinde
936 1915 985 1990 „si
1005 1911 1199 1998 placuerit'':
1221 1911 1347 1977 facilius
1368 1913 1456 1977 enim
1476 1911 1547 1976 flec-

347 2023 438 2097 titur,
473 2041 548 2084 cum
583 2040 646 2104 quo
680 2041 742 2083 non
777 2039 962 2105 pugnamus
999 2024 1036 2083 ut
1071 2019 1259 2084 consentiat.
1351 2017 1399 2098 (3)
1425 2017 1545 2096 „Prius

347 2122 477 2191 audite'’
519 2123 603 2210 quod
644 2121 782 2210 <dicit>‚
822 2121 977 2189 'fiduciam
1019 2122 1157 2190 ostentat
1195 2125 1429 2209 persuasoriam
1474 2145 1544 2188 rem

349 2232 475 2297 dicturi.

393 2335 559 2402 Scholium
588 2335 635 2418 (3)
666 2338 776 2421 paucis
807 2335 1032 2422 complectitur
1061 2335 1145 2421 quod
1169 2334 1319 2421 explicite
1343 2334 1543 2400 declaratum

348 2449 396 2511 est
425 2447 459 2508 in
489 2443 537 2524 (l)
568 2448 599 2507 et
619 2442 688 2524 (2).
736 2442 823 2507 Illud
857 2442 1000 2520 aditor-i,
1033 2441 1110 2506 haee
1142 2440 1266 2507 Donato
1299 2440 1453 2528 adsigno,
1478 2444 1544 2506 nisi

348 2550 431 2636 quod
463 2549 516 2614 hic
545 2547 613 2612 non
637 2547 724 2612 dedit
756 2553 848 2625 „tum
879 2548 1014 2614 deinde''
1047 2547 1101 2613 sed
1118 2547 1261 2625 '„‘tum''‚
1286 2549 1440 2632 quoniam
1465 2569 1540 2612 mox

348 2657 492 2742 sequitur
517 2653 684 2731 „deiude'’.
709 2652 861 2719 Formula
885 2659 970 2719 tum
994 2652 1142 2719 deinde
1165 2659 1259 2739 grata
1283 2651 1541 2737 fuit-Interpola-

348 2764 428 2839 tori,
452 2766 490 2825 ut
513 2780 611 2845 supra
634 2759 787 2824 vidimus.
917 2805 921 2810 -

359 2861 365 2866 ’
393 2866 473 2933 Ibid.
495 2865 539 2930 40
570 2866 625 2930 Me
637 2865 735 2930 huius
747 2863 899 2951 quiequid
912 2865 993 2929 facio
1004 2863 1038 2929 id
1050 2865 1150 2930 fecere
1163 2867 1304 2930 maxime
1317 2884 1412 2931 causa
1425 2885 1499 2930 mea

393 2971 569 3037 Verborum
595 2975 755 3036 structura
777 2969 941 3036 in'med'io
964 2975 1013 3036 est
1035 2973 1157 3056 posita,
1181 2991 1238 3035 nec
1258 2968 1422 3036 Donatum
1443 2971 1541 3035 fuisse

348 3079 457 3157 credo,
488 3081 544 3163 qui
574 3079 718 3162 scripsit:
754 3077 802 3157 (l)
823 3076 931 3141 -Deest
964 3076 1053 3154 „rei”
1086 3082 1142 3141 aut
1176 3075 1279 3154 ‚,est'',
1311 3082 1348 3140 ut
1380 3078 1441 3141 sit:
1468 3097 1540 3155 „me

347 3187 445 3251 huius
468 3183 619 3269 quicquid
643 3183 794 3269 estquod
817 3183 916 3260 facie,
940 3181 974 3246 id
997 3183 1020 3246 f.
1045 3203 1072 3247 e.
1096 3182 1175 3246 m.”.

353 3304 358 3348 ῖ
392 3289 475 3355 Ibid.
499 3288 541 3354 42
577 3287 723 3353 Militem
745 3309 814 3374 ego·
828 3284 965 3352 rivalem
988 3287 1207 3372 recipiendum
1231 3307 1341 3352 censeo

395 3391 442 3477 (4)
476 3394 650 3462 Considera·
679 3415 741 3479 quo
773 3392 866 3458 vultu
898 3394 958 3458 hoo
991 3393 1160 3458 dicendum
1192 3394 1236 3458 eit
1258 3398 1290 3457 et
1313 3391 1485 3480 intellegas
1509 3397 1540 3457 et

350 3500 532 3582 „militem”
558 3505 590 3565 ct
616 3499 793 3578 „rivalem”
818 3506 851 3565 et
871 3499 1133 3584 „recipiendum”
1155 3503 1187 3564 et
1208 3499 1310 3585 „ego”
1332 3504 1364 3564 et
1384 3498 1538 3577 „censeo”

349 3603 468 3695 quanta
500 3604 698 3692 significent;
735 3627 799 3670 non
834 3608 920 3670 enim
955 3605 1037 3670 dixit
1067 3604 1263 3670 Thrasonem
1295 3605 1349 3670 sed
1381 3604 1538 3680 militem,

350 3712 433 3799 quod
457 3712 496 3776 ad
520 3710 693 3775 stultitiam
717 3709 804 3777 valet
828 3731 960 3790 nomen;
985 3732 1043 3776 nec
1063 3713 1185 3775 socium
1206 3708 1260 3774 sed
1279 3708 1434 3787 rivalem,
1457 3708 1539 3795 quod

348 3819 503 3890 ostendit.
535 3815 660 3903 quando
692 3817 822 3902 quidem
852 3816 964 3882 rivalis
995 3819 1029 3880 in
1052 3818 1227 3881 meretrice
1241 3815 1433 3901 capiendus,
1458 3816 1541 3881 hunc

348 3928 456 4013 potius
480 3923 683 4010 eligendum
709 3945 765 3989 nec
789 3945 851 3988 non
872 3922 1107 3988 excludendum
1129 3921 1183 3987 sed
1202 3920 1419 4006 recipiendum
1441 3921 1538 3997 dixit,

349 4038 388 4098 ut
410 4038 443 4098 et
466 4030 646 4097 ostenderet
664 4029 742 4096 adeo
761 4029 925 4114 prodesse,
945 4034 984 4094 ut
1002 4032 1101 4094 etiam
1122 4027 1160 4093 de
1179 4027 1338 4093 industria
1357 4027 1540 4093 retinendus

350 4141 408 4216 sit3
434 4143 467 4202 ei
490 4159 552 4202 non
575 4135 648 4201 volo
673 4141 729 4201 cut
753 4157 829 4222 rego
854 4134 908 4200 sed
932 4157 1062 4214 censeo,
1087 4139 1125 4199 ut
1148 4133 1348 4199 consiliarius
1368 4155 1432 4200 non
1452 4153 1539 4220 para-

349 4247 430 4310 situs
454 4243 601 4309 videatur
622 4241 721 4328 loqui.
784 4279 788 4282 -
877 4243 879 4247 ’

394 4350 478 4416 Nam
509 4350 593 4436 quod
625 4349 726 4436 „ego”
758 4348 880 4414 addidit
912 4369 1013 4426 nunc,
1044 4369 1081 4414 eo
1105 4347 1189 4412 dioto
1213 4368 1290 4412 usus
1314 4351 1379 4425 esi,
1405 4368 1467 4432 quo
1489 4347 1537 4410 uti

349 4457 454 4524 solent
484 4457 540 4542 qui
570 4454 644 4542 plus
675 4457 708 4520 in
739 4457 870 4542 negotio
893 4454 1021 4532 vident,
1046 4459 1097 4534 (ut
1119 4455 1153 4518 in
1173 4454 1237 4519 ‘hoc
1259 4454 1328 4538 ipso
1351 4453 1537 4538 pronomine
