<?xml version="1.0" encoding="UTF-8"?>
<!DOCTYPE html PUBLIC "-//W3C//DTD XHTML 1.0 Transitional//EN"
    "http://www.w3.org/TR/xhtml1/DTD/xhtml1-transitional.dtd">
<html xmlns="http://www.w3.org/1999/xhtml" xml:lang="en" lang="en">
 <head>
  <title>
</title>
<meta http-equiv="Content-Type" content="text/html;charset=utf-8" />
  <meta name='ocr-system' content='tesseract 3.04.00' />
  <meta name='ocr-capabilities' content='ocr_page ocr_carea ocr_par ocr_line ocrx_word'/>
</head>
<body>
  <div class='ocr_page' id='page_1' title='image "./decommentidonat00karsgoog_0050.png"; bbox 0 0 3418 5392; ppageno 0'>
   <div class='ocr_carea' id='block_1_1' title="bbox 661 348 1336 416">
    <p class='ocr_par' dir='ltr' id='par_1_1' title="bbox 661 348 1336 416">
     <span class='ocr_line' id='line_1_1' title="bbox 661 348 1336 416; baseline -0.001 -1"><span class='ocrx_word' id='word_1_1' title='bbox 661 367 816 416; x_wconf 82' lang='grc'>3333333.</span> <span class='ocrx_word' id='word_1_2' title='bbox 1294 348 1336 415; x_wconf 85' lang='grc'>37</span> 
     </span>
    </p>
   </div>
   <div class='ocr_carea' id='block_1_2' title="bbox 134 527 1445 4544">
    <p class='ocr_par' dir='ltr' id='par_1_2' title="bbox 140 527 1445 833">
     <span class='ocr_line' id='line_1_2' title="bbox 148 527 1445 622; baseline -0.002 -22"><span class='ocrx_word' id='word_1_3' title='bbox 148 557 244 620; x_wconf 88' lang='lat' dir='ltr'>qnam</span> <span class='ocrx_word' id='word_1_4' title='bbox 277 533 372 601; x_wconf 90' lang='lat' dir='ltr'>illud.</span> <span class='ocrx_word' id='word_1_5' title='bbox 405 573 446 584; x_wconf 92' lang='lat'>—</span> <span class='ocrx_word' id='word_1_6' title='bbox 479 535 528 620; x_wconf 86' lang='lat'>(3)</span> <span class='ocrx_word' id='word_1_7' title='bbox 559 539 605 600; x_wconf 90' lang='lat' dir='ltr'>sio</span> <span class='ocrx_word' id='word_1_8' title='bbox 637 535 733 622; x_wconf 82' lang='lat' dir='ltr'>Verg.</span> <span class='ocrx_word' id='word_1_9' title='bbox 758 533 919 619; x_wconf 83' lang='grc'>(19219)</span> <span class='ocrx_word' id='word_1_10' title='bbox 952 536 1030 612; x_wconf 79' lang='grc'>,333</span> <span class='ocrx_word' id='word_1_11' title='bbox 1052 555 1186 599; x_wconf 87' lang='lat' dir='ltr'>munera</span> <span class='ocrx_word' id='word_1_12' title='bbox 1208 533 1338 619; x_wconf 89' lang='lat' dir='ltr'>templis</span> <span class='ocrx_word' id='word_1_13' title='bbox 1440 527 1445 535; x_wconf 74' lang='grc'><strong>’</strong></span> 
     </span>
     <span class='ocr_line' id='line_1_3' title="bbox 143 639 1338 728; baseline -0.002 -22"><span class='ocrx_word' id='word_1_14' title='bbox 143 645 262 727; x_wconf 83' lang='lat' dir='ltr'>quippe</span> <span class='ocrx_word' id='word_1_15' title='bbox 297 643 364 705; x_wconf 90' lang='lat' dir='ltr'>tuis</span> <span class='ocrx_word' id='word_1_16' title='bbox 396 641 548 706; x_wconf 86' lang='lat' dir='ltr'>serimus&#39;&#39;</span> <span class='ocrx_word' id='word_1_17' title='bbox 581 647 614 706; x_wconf 93' lang='lat' dir='ltr'>et</span> <span class='ocrx_word' id='word_1_18' title='bbox 644 663 718 706; x_wconf 92' lang='lat' dir='ltr'>cum</span> <span class='ocrx_word' id='word_1_19' title='bbox 750 643 1000 728; x_wconf 78' lang='lat' dir='ltr'>interrogatione</span> <span class='ocrx_word' id='word_1_20' title='bbox 1024 639 1076 705; x_wconf 90' lang='lat' dir='ltr'>vel</span> <span class='ocrx_word' id='word_1_21' title='bbox 1100 661 1173 705; x_wconf 87' lang='lat' dir='ltr'>oum</span> <span class='ocrx_word' id='word_1_22' title='bbox 1197 643 1338 724; x_wconf 88' lang='lat' dir='ltr'>inerepa-</span> 
     </span>
     <span class='ocr_line' id='line_1_4' title="bbox 140 747 517 833; baseline 0.005 -22"><span class='ocrx_word' id='word_1_23' title='bbox 140 750 225 813; x_wconf 89' lang='lat' dir='ltr'>tioue</span> <span class='ocrx_word' id='word_1_24' title='bbox 250 747 386 833; x_wconf 90' lang='lat' dir='ltr'>proferri</span> <span class='ocrx_word' id='word_1_25' title='bbox 404 752 517 833; x_wconf 87' lang='lat' dir='ltr'>potest.</span> 
     </span>
    </p>

    <p class='ocr_par' dir='ltr' id='par_1_3' title="bbox 139 851 1336 1044">
     <span class='ocr_line' id='line_1_5' title="bbox 184 851 1336 938; baseline -0.002 -20"><span class='ocrx_word' id='word_1_26' title='bbox 184 853 229 918; x_wconf 94' lang='lat' dir='ltr'>Ut</span> <span class='ocrx_word' id='word_1_27' title='bbox 261 851 341 918; x_wconf 84' lang='lat' dir='ltr'>alibi</span> <span class='ocrx_word' id='word_1_28' title='bbox 370 852 420 916; x_wconf 93' lang='lat' dir='ltr'>IP</span> <span class='ocrx_word' id='word_1_29' title='bbox 451 874 507 938; x_wconf 87' lang='lat' dir='ltr'>per</span> <span class='ocrx_word' id='word_1_30' title='bbox 537 853 709 918; x_wconf 86' lang='lat' dir='ltr'>formulam</span> <span class='ocrx_word' id='word_1_31' title='bbox 738 861 766 916; x_wconf 84' lang='lat' dir='ltr'>et</span> <span class='ocrx_word' id='word_1_32' title='bbox 788 852 894 916; x_wconf 75' lang='grc'>3331133</span> <span class='ocrx_word' id='word_1_33' title='bbox 917 851 1125 936; x_wconf 85' lang='lat' dir='ltr'>interpolavit</span> <span class='ocrx_word' id='word_1_34' title='bbox 1147 855 1336 918; x_wconf 87' lang='lat' dir='ltr'>continuum</span> 
     </span>
     <span class='ocr_line' id='line_1_6' title="bbox 139 944 1296 1044; baseline -0.003 -20"><span class='ocrx_word' id='word_1_35' title='bbox 139 944 298 1024; x_wconf 85' lang='lat' dir='ltr'>scholium</span> <span class='ocrx_word' id='word_1_36' title='bbox 323 958 450 1025; x_wconf 90' lang='lat' dir='ltr'>Donati.</span> <span class='ocrx_word' id='word_1_37' title='bbox 519 959 636 1024; x_wconf 77' lang='lat' dir='ltr'>Sebb.</span> <span class='ocrx_word' id='word_1_38' title='bbox 660 961 824 1024; x_wconf 89' lang='lat' dir='ltr'>immerito</span> <span class='ocrx_word' id='word_1_39' title='bbox 847 959 923 1023; x_wconf 91' lang='lat' dir='ltr'>huic</span> <span class='ocrx_word' id='word_1_40' title='bbox 947 961 1067 1042; x_wconf 90' lang='lat' dir='ltr'>eripuit</span> <span class='ocrx_word' id='word_1_41' title='bbox 1089 979 1215 1044; x_wconf 89' lang='lat' dir='ltr'>quoque</span> <span class='ocrx_word' id='word_1_42' title='bbox 1239 958 1296 1043; x_wconf 88' lang='lat'><strong>(3).</strong></span> 
     </span>
    </p>

    <p class='ocr_par' dir='ltr' id='par_1_4' title="bbox 138 1063 1337 1361">
     <span class='ocr_line' id='line_1_7' title="bbox 184 1063 1337 1151; baseline 0 -23"><span class='ocrx_word' id='word_1_43' title='bbox 184 1063 265 1128; x_wconf 86' lang='lat' dir='ltr'>ibid.</span> <span class='ocrx_word' id='word_1_44' title='bbox 288 1063 331 1129; x_wconf 88' lang='lat'>93</span> <span class='ocrx_word' id='word_1_45' title='bbox 357 1063 423 1129; x_wconf 80' lang='lat' dir='ltr'>Scit</span> <span class='ocrx_word' id='word_1_46' title='bbox 440 1068 591 1130; x_wconf 81' lang='lat' dir='ltr'>meretrix</span> <span class='ocrx_word' id='word_1_47' title='bbox 604 1071 628 1140; x_wconf 84' lang='lat'>†</span> <span class='ocrx_word' id='word_1_48' title='bbox 640 1067 842 1129; x_wconf 78' lang='lat' dir='ltr'>contentione</span> <span class='ocrx_word' id='word_1_49' title='bbox 855 1063 993 1149; x_wconf 88' lang='lat' dir='ltr'>quadem</span> <span class='ocrx_word' id='word_1_50' title='bbox 1006 1065 1134 1150; x_wconf 85' lang='lat' dir='ltr'>negari:</span> <span class='ocrx_word' id='word_1_51' title='bbox 1153 1085 1229 1151; x_wconf 85' lang='lat' dir='ltr'>ergo</span> <span class='ocrx_word' id='word_1_52' title='bbox 1242 1063 1337 1151; x_wconf 79' lang='lat' dir='ltr'>fingit</span> 
     </span>
     <span class='ocr_line' id='line_1_8' title="bbox 140 1169 1336 1256; baseline 0.002 -23"><span class='ocrx_word' id='word_1_53' title='bbox 140 1191 171 1234; x_wconf 92' lang='lat' dir='ltr'>se</span> <span class='ocrx_word' id='word_1_54' title='bbox 205 1172 311 1251; x_wconf 81' lang='lat' dir='ltr'>vinci,</span> <span class='ocrx_word' id='word_1_55' title='bbox 344 1178 382 1235; x_wconf 90' lang='lat' dir='ltr'>ut</span> <span class='ocrx_word' id='word_1_56' title='bbox 413 1169 648 1236; x_wconf 80' lang='lat' dir='ltr'>adulescentem</span> <span class='ocrx_word' id='word_1_57' title='bbox 673 1169 799 1235; x_wconf 89' lang='lat' dir='ltr'>molliat</span> <span class='ocrx_word' id='word_1_58' title='bbox 823 1179 856 1235; x_wconf 91' lang='lat' dir='ltr'>et</span> <span class='ocrx_word' id='word_1_59' title='bbox 878 1173 948 1256; x_wconf 84' lang='lat' dir='ltr'>ipsa</span> <span class='ocrx_word' id='word_1_60' title='bbox 971 1169 1070 1249; x_wconf 87' lang='lat' dir='ltr'>cedit,</span> <span class='ocrx_word' id='word_1_61' title='bbox 1096 1176 1133 1234; x_wconf 94' lang='lat' dir='ltr'>ut</span> <span class='ocrx_word' id='word_1_62' title='bbox 1157 1177 1189 1235; x_wconf 93' lang='lat' dir='ltr'>et</span> <span class='ocrx_word' id='word_1_63' title='bbox 1212 1169 1267 1235; x_wconf 92' lang='lat' dir='ltr'>ille</span> <span class='ocrx_word' id='word_1_64' title='bbox 1290 1192 1336 1236; x_wconf 92' lang='lat' dir='ltr'>re·</span> 
     </span>
     <span class='ocr_line' id='line_1_9' title="bbox 138 1277 491 1361; baseline 0.011 -23"><span class='ocrx_word' id='word_1_65' title='bbox 138 1277 249 1340; x_wconf 90' lang='lat' dir='ltr'>mittat</span> <span class='ocrx_word' id='word_1_66' title='bbox 271 1278 491 1361; x_wconf 86' lang='lat' dir='ltr'>pertinaciam.</span> 
     </span>
    </p>

    <p class='ocr_par' dir='ltr' id='par_1_5' title="bbox 138 1380 1336 1784">
     <span class='ocr_line' id='line_1_10' title="bbox 183 1380 1336 1468; baseline 0.002 -24"><span class='ocrx_word' id='word_1_67' title='bbox 183 1380 320 1445; x_wconf 88' lang='lat' dir='ltr'>Initium</span> <span class='ocrx_word' id='word_1_68' title='bbox 345 1383 392 1446; x_wconf 90' lang='lat' dir='ltr'>ita</span> <span class='ocrx_word' id='word_1_69' title='bbox 415 1384 626 1448; x_wconf 82' lang='lat' dir='ltr'>correxerim:</span> <span class='ocrx_word' id='word_1_70' title='bbox 651 1383 921 1446; x_wconf 87' lang='lat' dir='ltr'>concessione</span> <span class='ocrx_word' id='word_1_71' title='bbox 946 1382 1119 1466; x_wconf 91' lang='lat' dir='ltr'>quadam</span> <span class='ocrx_word' id='word_1_72' title='bbox 1144 1393 1200 1460; x_wconf 90' lang='lat' dir='ltr'>(sc.</span> <span class='ocrx_word' id='word_1_73' title='bbox 1224 1403 1336 1468; x_wconf 78' lang='lat' dir='ltr'>rogan·</span> 
     </span>
     <span class='ocr_line' id='line_1_11' title="bbox 140 1486 1334 1574; baseline 0.003 -24"><span class='ocrx_word' id='word_1_74' title='bbox 140 1489 194 1568; x_wconf 87' lang='lat' dir='ltr'>tie)</span> <span class='ocrx_word' id='word_1_75' title='bbox 225 1494 384 1573; x_wconf 81' lang='lat' dir='ltr'>negata</span> <span class='ocrx_word' id='word_1_76' title='bbox 415 1488 515 1553; x_wconf 89' lang='lat' dir='ltr'>dari.</span> <span class='ocrx_word' id='word_1_77' title='bbox 548 1487 702 1554; x_wconf 84' lang='lat' dir='ltr'>Oeterum</span> <span class='ocrx_word' id='word_1_78' title='bbox 735 1487 794 1553; x_wconf 91' lang='lat' dir='ltr'>boc</span> <span class='ocrx_word' id='word_1_79' title='bbox 825 1486 982 1552; x_wconf 89' lang='lat' dir='ltr'>scholium</span> <span class='ocrx_word' id='word_1_80' title='bbox 1013 1488 1078 1553; x_wconf 92' lang='lat' dir='ltr'>fere</span> <span class='ocrx_word' id='word_1_81' title='bbox 1109 1489 1334 1574; x_wconf 85' lang='lat' dir='ltr'>compendium</span> 
     </span>
     <span class='ocr_line' id='line_1_12' title="bbox 138 1592 1335 1681; baseline 0.002 -24"><span class='ocrx_word' id='word_1_82' title='bbox 138 1597 185 1658; x_wconf 91' lang='lat' dir='ltr'>est</span> <span class='ocrx_word' id='word_1_83' title='bbox 207 1592 419 1680; x_wconf 78' lang='lat' dir='ltr'>longissimae</span> <span class='ocrx_word' id='word_1_84' title='bbox 441 1593 654 1659; x_wconf 81' lang='lat' dir='ltr'>adnotationis</span> <span class='ocrx_word' id='word_1_85' title='bbox 677 1593 716 1658; x_wconf 93' lang='lat' dir='ltr'>D.</span> <span class='ocrx_word' id='word_1_86' title='bbox 742 1594 781 1658; x_wconf 92' lang='lat' dir='ltr'>ad</span> <span class='ocrx_word' id='word_1_87' title='bbox 803 1592 845 1657; x_wconf 86' lang='grc'>94</span> <span class='ocrx_word' id='word_1_88' title='bbox 859 1592 919 1677; x_wconf 93' lang='grc'>(2).</span> <span class='ocrx_word' id='word_1_89' title='bbox 976 1593 1141 1660; x_wconf 79' lang='lat' dir='ltr'>Editorem</span> <span class='ocrx_word' id='word_1_90' title='bbox 1161 1602 1335 1681; x_wconf 92' lang='lat' dir='ltr'>utrumque</span> 
     </span>
     <span class='ocr_line' id='line_1_13' title="bbox 138 1698 1286 1784; baseline 0.001 -21"><span class='ocrx_word' id='word_1_91' title='bbox 138 1698 262 1765; x_wconf 89' lang='lat' dir='ltr'>dedisse</span> <span class='ocrx_word' id='word_1_92' title='bbox 287 1702 410 1784; x_wconf 89' lang='lat' dir='ltr'>opinor.</span> <span class='ocrx_word' id='word_1_93' title='bbox 1201 1701 1233 1766; x_wconf 83' lang='grc'>8.</span> <span class='ocrx_word' id='word_1_94' title='bbox 1259 1723 1286 1766; x_wconf 87' lang='grc'>3.</span> 
     </span>
    </p>

    <p class='ocr_par' dir='ltr' id='par_1_6' title="bbox 137 1803 1335 2517">
     <span class='ocr_line' id='line_1_14' title="bbox 182 1803 1333 1891; baseline 0.001 -22"><span class='ocrx_word' id='word_1_95' title='bbox 182 1804 262 1870; x_wconf 91' lang='lat' dir='ltr'>Ibid.</span> <span class='ocrx_word' id='word_1_96' title='bbox 285 1803 328 1868; x_wconf 83' lang='lat'>95</span> <span class='ocrx_word' id='word_1_97' title='bbox 343 1807 392 1890; x_wconf 90' lang='grc'>(1)</span> <span class='ocrx_word' id='word_1_98' title='bbox 419 1805 526 1883; x_wconf 87' lang='lat' dir='ltr'>„Istue</span> <span class='ocrx_word' id='word_1_99' title='bbox 546 1805 704 1871; x_wconf 89' lang='lat' dir='ltr'>verbum’&#39;</span> <span class='ocrx_word' id='word_1_100' title='bbox 725 1826 782 1891; x_wconf 93' lang='lat' dir='ltr'>pro</span> <span class='ocrx_word' id='word_1_101' title='bbox 802 1807 1057 1870; x_wconf 87' lang='grc'>1313333133113.</span> <span class='ocrx_word' id='word_1_102' title='bbox 1079 1805 1129 1890; x_wconf 92' lang='grc'>(2)</span> <span class='ocrx_word' id='word_1_103' title='bbox 1149 1804 1333 1883; x_wconf 82' lang='lat' dir='ltr'>„Verbum”</span> 
     </span>
     <span class='ocr_line' id='line_1_15' title="bbox 137 1910 1334 1998; baseline 0.002 -24"><span class='ocrx_word' id='word_1_104' title='bbox 137 1931 193 1995; x_wconf 92' lang='lat' dir='ltr'>pro</span> <span class='ocrx_word' id='word_1_105' title='bbox 225 1911 328 1989; x_wconf 89' lang='lat' dir='ltr'>dicto;</span> <span class='ocrx_word' id='word_1_106' title='bbox 361 1911 416 1976; x_wconf 88' lang='lat' dir='ltr'>sed</span> <span class='ocrx_word' id='word_1_107' title='bbox 446 1914 572 1998; x_wconf 86' lang='lat' dir='ltr'>proprie</span> <span class='ocrx_word' id='word_1_108' title='bbox 605 1911 747 1988; x_wconf 59' lang='grc'>3111333,</span> <span class='ocrx_word' id='word_1_109' title='bbox 776 1910 809 1975; x_wconf 92' lang='lat' dir='ltr'>id</span> <span class='ocrx_word' id='word_1_110' title='bbox 832 1917 880 1975; x_wconf 90' lang='lat' dir='ltr'>est</span> <span class='ocrx_word' id='word_1_111' title='bbox 900 1913 1057 1976; x_wconf 86' lang='lat' dir='ltr'>sententia</span> <span class='ocrx_word' id='word_1_112' title='bbox 1080 1910 1131 1978; x_wconf 86' lang='lat' dir='ltr'>vel</span> <span class='ocrx_word' id='word_1_113' title='bbox 1155 1915 1334 1977; x_wconf 83' lang='lat' dir='ltr'>enuntiatio</span> 
     </span>
     <span class='ocr_line' id='line_1_16' title="bbox 138 2016 1335 2103; baseline 0.002 -23"><span class='ocrx_word' id='word_1_114' title='bbox 138 2037 218 2100; x_wconf 87' lang='lat' dir='ltr'>quae</span> <span class='ocrx_word' id='word_1_115' title='bbox 242 2038 306 2081; x_wconf 91' lang='lat' dir='ltr'>uno</span> <span class='ocrx_word' id='word_1_116' title='bbox 330 2019 503 2102; x_wconf 83' lang='lat' dir='ltr'>stringitur</span> <span class='ocrx_word' id='word_1_117' title='bbox 527 2023 560 2082; x_wconf 90' lang='lat' dir='ltr'>et</span> <span class='ocrx_word' id='word_1_118' title='bbox 581 2016 706 2103; x_wconf 82' lang='lat' dir='ltr'>ligatur</span> <span class='ocrx_word' id='word_1_119' title='bbox 729 2017 844 2095; x_wconf 83' lang='lat' dir='ltr'>verbo,</span> <span class='ocrx_word' id='word_1_120' title='bbox 870 2018 1039 2082; x_wconf 86' lang='lat' dir='ltr'>verbum</span> <span class='ocrx_word' id='word_1_121' title='bbox 1064 2038 1083 2081; x_wconf 88' lang='lat' dir='ltr'>a</span> <span class='ocrx_word' id='word_1_122' title='bbox 1106 2018 1270 2083; x_wconf 86' lang='lat' dir='ltr'>veteribus</span> <span class='ocrx_word' id='word_1_123' title='bbox 1291 2018 1335 2082; x_wconf 91' lang='lat' dir='ltr'>di-</span> 
     </span>
     <span class='ocr_line' id='line_1_17' title="bbox 138 2121 1334 2208; baseline 0 -21"><span class='ocrx_word' id='word_1_124' title='bbox 138 2123 279 2187; x_wconf 87' lang='lat' dir='ltr'>cebatur.</span> <span class='ocrx_word' id='word_1_125' title='bbox 352 2121 394 2188; x_wconf 85' lang='lat'>98</span> <span class='ocrx_word' id='word_1_126' title='bbox 407 2123 457 2208; x_wconf 92' lang='grc'>(1)</span> <span class='ocrx_word' id='word_1_127' title='bbox 476 2122 583 2200; x_wconf 84' lang='lat' dir='ltr'>,Istue</span> <span class='ocrx_word' id='word_1_128' title='bbox 596 2123 752 2188; x_wconf 88' lang='lat' dir='ltr'>verbum’&#39;</span> <span class='ocrx_word' id='word_1_129' title='bbox 766 2123 827 2207; x_wconf 91' lang='lat' dir='ltr'>(vs.</span> <span class='ocrx_word' id='word_1_130' title='bbox 842 2121 900 2206; x_wconf 80' lang='lat'>95)</span> <span class='ocrx_word' id='word_1_131' title='bbox 912 2128 944 2188; x_wconf 91' lang='lat' dir='ltr'>et</span> <span class='ocrx_word' id='word_1_132' title='bbox 958 2144 1042 2201; x_wconf 90' lang='lat' dir='ltr'>„uno</span> <span class='ocrx_word' id='word_1_133' title='bbox 1056 2122 1173 2188; x_wconf 86' lang='lat' dir='ltr'>verbo&#39;’</span> <span class='ocrx_word' id='word_1_134' title='bbox 1187 2123 1250 2206; x_wconf 83' lang='lat' dir='ltr'>(vs.</span> <span class='ocrx_word' id='word_1_135' title='bbox 1265 2121 1334 2207; x_wconf 93' lang='grc'>98),</span> 
     </span>
     <span class='ocr_line' id='line_1_18' title="bbox 141 2228 1334 2316; baseline 0.003 -24"><span class='ocrx_word' id='word_1_136' title='bbox 141 2233 175 2292; x_wconf 89' lang='grc'>31</span> <span class='ocrx_word' id='word_1_137' title='bbox 207 2228 370 2306; x_wconf 87' lang='lat' dir='ltr'>diximus,</span> <span class='ocrx_word' id='word_1_138' title='bbox 403 2231 447 2292; x_wconf 89' lang='lat' dir='ltr'>sie</span> <span class='ocrx_word' id='word_1_139' title='bbox 477 2231 601 2315; x_wconf 87' lang='lat' dir='ltr'>accipe,</span> <span class='ocrx_word' id='word_1_140' title='bbox 626 2235 663 2293; x_wconf 90' lang='lat' dir='ltr'>ut</span> <span class='ocrx_word' id='word_1_141' title='bbox 688 2229 866 2306; x_wconf 89' lang='lat' dir='ltr'>„verbum”</span> <span class='ocrx_word' id='word_1_142' title='bbox 891 2229 1014 2294; x_wconf 89' lang='lat' dir='ltr'>dictum</span> <span class='ocrx_word' id='word_1_143' title='bbox 1039 2228 1225 2316; x_wconf 81' lang='lat' dir='ltr'>intellegas,</span> <span class='ocrx_word' id='word_1_144' title='bbox 1249 2230 1334 2316; x_wconf 93' lang='lat' dir='ltr'>quod</span> 
     </span>
     <span class='ocr_line' id='line_1_19' title="bbox 138 2333 1334 2424; baseline 0.001 -25"><span class='ocrx_word' id='word_1_145' title='bbox 138 2335 234 2400; x_wconf 86' lang='lat' dir='ltr'>verbo</span> <span class='ocrx_word' id='word_1_146' title='bbox 263 2333 491 2419; x_wconf 88' lang='lat' dir='ltr'>complectitur</span> <span class='ocrx_word' id='word_1_147' title='bbox 514 2333 692 2420; x_wconf 86' lang='lat' dir='ltr'>completae</span> <span class='ocrx_word' id='word_1_148' title='bbox 715 2337 890 2400; x_wconf 88' lang='lat' dir='ltr'>sententiae</span> <span class='ocrx_word' id='word_1_149' title='bbox 913 2337 1223 2421; x_wconf 82' lang='lat' dir='ltr'>pronuntiationem.</span> <span class='ocrx_word' id='word_1_150' title='bbox 1249 2335 1334 2424; x_wconf 89' lang='lat' dir='ltr'>quod</span> 
     </span>
     <span class='ocr_line' id='line_1_20' title="bbox 138 2435 1088 2517; baseline 0 -13"><span class='ocrx_word' id='word_1_151' title='bbox 138 2439 262 2517; x_wconf 72' lang='grc' dir='ltr'><strong><em>ἀξίωμα</em></strong></span> <span class='ocrx_word' id='word_1_152' title='bbox 287 2441 523 2506; x_wconf 86' lang='lat' dir='ltr'>nominabatur.</span> <span class='ocrx_word' id='word_1_153' title='bbox 1079 2435 1088 2454; x_wconf 77' lang='lat'><em>⁶</em></span> 
     </span>
    </p>

    <p class='ocr_par' dir='ltr' id='par_1_7' title="bbox 137 2545 1332 2738">
     <span class='ocr_line' id='line_1_21' title="bbox 183 2545 1332 2631; baseline 0.001 -20"><span class='ocrx_word' id='word_1_154' title='bbox 183 2545 334 2611; x_wconf 73' lang='grc' dir='ltr'>Γ13331331</span> <span class='ocrx_word' id='word_1_155' title='bbox 365 2545 472 2612; x_wconf 86' lang='lat' dir='ltr'>locum</span> <span class='ocrx_word' id='word_1_156' title='bbox 502 2549 536 2611; x_wconf 93' lang='lat' dir='ltr'>in</span> <span class='ocrx_word' id='word_1_157' title='bbox 559 2547 682 2611; x_wconf 90' lang='lat' dir='ltr'>Mnem.</span> <span class='ocrx_word' id='word_1_158' title='bbox 707 2545 835 2610; x_wconf 86' lang='lat' dir='ltr'>XXXII</span> <span class='ocrx_word' id='word_1_159' title='bbox 858 2567 889 2631; x_wconf 91' lang='lat' dir='ltr'>p.</span> <span class='ocrx_word' id='word_1_160' title='bbox 915 2545 982 2610; x_wconf 91' lang='grc'>220</span> <span class='ocrx_word' id='word_1_161' title='bbox 1006 2546 1043 2612; x_wconf 88' lang='lat' dir='ltr'>ed</span> <span class='ocrx_word' id='word_1_162' title='bbox 1069 2546 1168 2613; x_wconf 88' lang='lat' dir='ltr'>Andr.</span> <span class='ocrx_word' id='word_1_163' title='bbox 1192 2547 1208 2611; x_wconf 95' lang='lat' dir='ltr'>I</span> <span class='ocrx_word' id='word_1_164' title='bbox 1234 2547 1262 2612; x_wconf 94' lang='lat' dir='ltr'>l.</span> <span class='ocrx_word' id='word_1_165' title='bbox 1280 2547 1332 2628; x_wconf 89' lang='grc'>18,</span> 
     </span>
     <span class='ocr_line' id='line_1_22' title="bbox 137 2651 491 2738; baseline 0 -22"><span class='ocrx_word' id='word_1_166' title='bbox 137 2653 193 2717; x_wconf 83' lang='grc'>311</span> <span class='ocrx_word' id='word_1_167' title='bbox 216 2653 295 2717; x_wconf 88' lang='lat' dir='ltr'>haec</span> <span class='ocrx_word' id='word_1_168' title='bbox 318 2651 491 2738; x_wconf 83' lang='lat' dir='ltr'>leguntur:</span> 
     </span>
    </p>

    <p class='ocr_par' dir='ltr' id='par_1_8' title="bbox 134 2757 1332 3057">
     <span class='ocr_line' id='line_1_23' title="bbox 181 2757 1332 2844; baseline 0.001 -22"><span class='ocrx_word' id='word_1_169' title='bbox 181 2758 231 2844; x_wconf 94' lang='grc'>(1)</span> <span class='ocrx_word' id='word_1_170' title='bbox 257 2757 351 2836; x_wconf 90' lang='lat' dir='ltr'>„Uno</span> <span class='ocrx_word' id='word_1_171' title='bbox 375 2759 491 2824; x_wconf 83' lang='lat' dir='ltr'>verbo”</span> <span class='ocrx_word' id='word_1_172' title='bbox 516 2780 581 2824; x_wconf 89' lang='lat' dir='ltr'>una</span> <span class='ocrx_word' id='word_1_173' title='bbox 605 2757 783 2836; x_wconf 72' lang='grc' dir='ltr'>ἀξιώμαῐο,</span> <span class='ocrx_word' id='word_1_174' title='bbox 808 2760 1069 2835; x_wconf 87' lang='grc'>333333133113,</span> <span class='ocrx_word' id='word_1_175' title='bbox 1094 2779 1169 2823; x_wconf 92' lang='lat' dir='ltr'>nam</span> <span class='ocrx_word' id='word_1_176' title='bbox 1193 2757 1244 2832; x_wconf 72' lang='grc' dir='ltr'>ἆξ.</span> <span class='ocrx_word' id='word_1_177' title='bbox 1266 2780 1332 2823; x_wconf 88' lang='grc'>333-</span> 
     </span>
     <span class='ocr_line' id='line_1_24' title="bbox 135 2863 1331 2949; baseline 0.002 -21"><span class='ocrx_word' id='word_1_178' title='bbox 135 2867 236 2930; x_wconf 88' lang='grc'>133113</span> <span class='ocrx_word' id='word_1_179' title='bbox 261 2872 310 2929; x_wconf 91' lang='grc'>331</span> <span class='ocrx_word' id='word_1_180' title='bbox 334 2863 387 2930; x_wconf 85' lang='lat' dir='ltr'>vel</span> <span class='ocrx_word' id='word_1_181' title='bbox 407 2867 585 2929; x_wconf 88' lang='lat' dir='ltr'>enuntiatio</span> <span class='ocrx_word' id='word_1_182' title='bbox 605 2886 668 2929; x_wconf 90' lang='lat' dir='ltr'>nuo</span> <span class='ocrx_word' id='word_1_183' title='bbox 689 2864 784 2928; x_wconf 89' lang='lat' dir='ltr'>verbo</span> <span class='ocrx_word' id='word_1_184' title='bbox 805 2884 920 2930; x_wconf 84' lang='lat' dir='ltr'>nexam</span> <span class='ocrx_word' id='word_1_185' title='bbox 939 2865 1102 2929; x_wconf 87' lang='lat' dir='ltr'>continens</span> <span class='ocrx_word' id='word_1_186' title='bbox 1114 2871 1146 2928; x_wconf 90' lang='lat' dir='ltr'>et</span> <span class='ocrx_word' id='word_1_187' title='bbox 1158 2865 1331 2949; x_wconf 87' lang='lat' dir='ltr'>perfectam</span> 
     </span>
     <span class='ocr_line' id='line_1_25' title="bbox 134 2969 1238 3057; baseline 0 -23"><span class='ocrx_word' id='word_1_188' title='bbox 134 2969 404 3057; x_wconf 77' lang='lat' dir='ltr'>intelligentiam:</span> <span class='ocrx_word' id='word_1_189' title='bbox 437 2969 562 3044; x_wconf 71' lang='grc' dir='ltr'><strong><em>ἀξίωμα</em></strong></span> <span class='ocrx_word' id='word_1_190' title='bbox 594 2973 680 3035; x_wconf 90' lang='lat' dir='ltr'>enim</span> <span class='ocrx_word' id='word_1_191' title='bbox 713 2974 837 3034; x_wconf 89' lang='lat' dir='ltr'>constat</span> <span class='ocrx_word' id='word_1_192' title='bbox 860 2990 897 3034; x_wconf 87' lang='lat' dir='ltr'>ex</span> <span class='ocrx_word' id='word_1_193' title='bbox 924 2971 1052 3034; x_wconf 91' lang='lat' dir='ltr'>nomine</span> <span class='ocrx_word' id='word_1_194' title='bbox 1075 2975 1108 3034; x_wconf 92' lang='lat' dir='ltr'>et</span> <span class='ocrx_word' id='word_1_195' title='bbox 1131 2970 1238 3036; x_wconf 88' lang='lat' dir='ltr'>verbo.</span> 
     </span>
    </p>

    <p class='ocr_par' dir='ltr' id='par_1_9' title="bbox 136 3073 1330 3268">
     <span class='ocr_line' id='line_1_26' title="bbox 136 3073 1330 3163; baseline -0.001 -22"><span class='ocrx_word' id='word_1_196' title='bbox 136 3076 184 3163; x_wconf 82' lang='lat'>(3)</span> <span class='ocrx_word' id='word_1_197' title='bbox 217 3099 304 3154; x_wconf 92' lang='lat' dir='ltr'>„uno</span> <span class='ocrx_word' id='word_1_198' title='bbox 336 3077 453 3141; x_wconf 86' lang='lat' dir='ltr'>verbo&#39;&#39;</span> <span class='ocrx_word' id='word_1_199' title='bbox 488 3097 550 3140; x_wconf 89' lang='lat' dir='ltr'>una</span> <span class='ocrx_word' id='word_1_200' title='bbox 581 3078 755 3155; x_wconf 88' lang='lat' dir='ltr'>sententie,</span> <span class='ocrx_word' id='word_1_201' title='bbox 788 3082 825 3140; x_wconf 90' lang='lat' dir='ltr'>ut</span> <span class='ocrx_word' id='word_1_202' title='bbox 856 3078 889 3139; x_wconf 92' lang='grc'>13</span> <span class='ocrx_word' id='word_1_203' title='bbox 920 3073 981 3140; x_wconf 93' lang='lat' dir='ltr'>Ad.</span> <span class='ocrx_word' id='word_1_204' title='bbox 1008 3075 1049 3157; x_wconf 90' lang='grc'>(9</span> <span class='ocrx_word' id='word_1_205' title='bbox 1074 3074 1105 3140; x_wconf 85' lang='lat'>8.</span> <span class='ocrx_word' id='word_1_206' title='bbox 1119 3075 1178 3161; x_wconf 93' lang='grc'>29)</span> <span class='ocrx_word' id='word_1_207' title='bbox 1280 3076 1330 3140; x_wconf 92' lang='lat' dir='ltr'>Ad</span> 
     </span>
     <span class='ocr_line' id='line_1_27' title="bbox 136 3182 1131 3268; baseline -0.002 -20"><span class='ocrx_word' id='word_1_208' title='bbox 136 3185 220 3250; x_wconf 92' lang='lat' dir='ltr'>hunc</span> <span class='ocrx_word' id='word_1_209' title='bbox 245 3191 356 3249; x_wconf 88' lang='lat' dir='ltr'>autem</span> <span class='ocrx_word' id='word_1_210' title='bbox 380 3182 516 3268; x_wconf 87' lang='lat' dir='ltr'>Adelph.</span> <span class='ocrx_word' id='word_1_211' title='bbox 540 3183 648 3248; x_wconf 87' lang='lat' dir='ltr'>locum</span> <span class='ocrx_word' id='word_1_212' title='bbox 671 3183 750 3248; x_wconf 83' lang='lat' dir='ltr'>base</span> <span class='ocrx_word' id='word_1_213' title='bbox 773 3182 869 3247; x_wconf 91' lang='lat' dir='ltr'>habet</span> <span class='ocrx_word' id='word_1_214' title='bbox 893 3187 1131 3247; x_wconf 89' lang='lat' dir='ltr'>commentum:</span> 
     </span>
    </p>

    <p class='ocr_par' dir='ltr' id='par_1_10' title="bbox 136 3287 1332 3779">
     <span class='ocr_line' id='line_1_28' title="bbox 179 3287 1331 3374; baseline -0.003 -20"><span class='ocrx_word' id='word_1_215' title='bbox 179 3290 229 3374; x_wconf 91' lang='grc'>(1)</span> <span class='ocrx_word' id='word_1_216' title='bbox 263 3289 357 3354; x_wconf 85' lang='grc' dir='ltr'>Ν333</span> <span class='ocrx_word' id='word_1_217' title='bbox 388 3290 566 3366; x_wconf 87' lang='lat' dir='ltr'>„verbum”</span> <span class='ocrx_word' id='word_1_218' title='bbox 590 3310 648 3373; x_wconf 92' lang='lat' dir='ltr'>pro</span> <span class='ocrx_word' id='word_1_219' title='bbox 674 3287 832 3363; x_wconf 69' lang='grc'>31313313</span> <span class='ocrx_word' id='word_1_220' title='bbox 855 3291 979 3374; x_wconf 87' lang='lat' dir='ltr'>posuit,</span> <span class='ocrx_word' id='word_1_221' title='bbox 1005 3287 1089 3373; x_wconf 90' lang='lat' dir='ltr'>quod</span> <span class='ocrx_word' id='word_1_222' title='bbox 1112 3309 1176 3352; x_wconf 92' lang='lat' dir='ltr'>uno</span> <span class='ocrx_word' id='word_1_223' title='bbox 1200 3290 1331 3374; x_wconf 85' lang='lat' dir='ltr'>stringi-</span> 
     </span>
     <span class='ocr_line' id='line_1_29' title="bbox 137 3393 1332 3477; baseline -0.003 -17"><span class='ocrx_word' id='word_1_224' title='bbox 137 3402 190 3460; x_wconf 89' lang='lat' dir='ltr'>tur</span> <span class='ocrx_word' id='word_1_225' title='bbox 213 3397 323 3462; x_wconf 80' lang='lat' dir='ltr'>verbo.</span> <span class='ocrx_word' id='word_1_226' title='bbox 346 3396 427 3476; x_wconf 74' lang='lat' dir='ltr'>Erpo</span> <span class='ocrx_word' id='word_1_227' title='bbox 449 3396 566 3460; x_wconf 77' lang='lat' dir='ltr'>oerbrtm</span> <span class='ocrx_word' id='word_1_228' title='bbox 590 3395 686 3458; x_wconf 78' lang='lat' dir='ltr'>brevia</span> <span class='ocrx_word' id='word_1_229' title='bbox 709 3393 858 3458; x_wconf 77' lang='lat' dir='ltr'>sententio</span> <span class='ocrx_word' id='word_1_230' title='bbox 881 3393 946 3476; x_wconf 85' lang='lat' dir='ltr'>(W.</span> <span class='ocrx_word' id='word_1_231' title='bbox 968 3395 1020 3477; x_wconf 82' lang='lat' dir='ltr'>e).</span> <span class='ocrx_word' id='word_1_232' title='bbox 1068 3393 1118 3477; x_wconf 91' lang='grc'>(2)</span> <span class='ocrx_word' id='word_1_233' title='bbox 1138 3393 1222 3458; x_wconf 86' lang='grc' dir='ltr'>Νο13</span> <span class='ocrx_word' id='word_1_234' title='bbox 1242 3414 1332 3470; x_wconf 85' lang='lat' dir='ltr'>„ver-</span> 
     </span>
     <span class='ocr_line' id='line_1_30' title="bbox 139 3497 1332 3588; baseline -0.003 -21"><span class='ocrx_word' id='word_1_235' title='bbox 139 3503 237 3567; x_wconf 85' lang='lat' dir='ltr'>bum”</span> <span class='ocrx_word' id='word_1_236' title='bbox 262 3523 321 3588; x_wconf 91' lang='lat' dir='ltr'>pro</span> <span class='ocrx_word' id='word_1_237' title='bbox 345 3503 522 3580; x_wconf 88' lang='lat' dir='ltr'>sententia,</span> <span class='ocrx_word' id='word_1_238' title='bbox 545 3507 583 3566; x_wconf 91' lang='lat' dir='ltr'>ut</span> <span class='ocrx_word' id='word_1_239' title='bbox 605 3501 704 3566; x_wconf 89' lang='lat' dir='ltr'>Andr.</span> <span class='ocrx_word' id='word_1_240' title='bbox 730 3499 759 3584; x_wconf 95' lang='grc' dir='ltr'>(Ι</span> <span class='ocrx_word' id='word_1_241' title='bbox 784 3500 814 3565; x_wconf 90' lang='grc'>1.</span> <span class='ocrx_word' id='word_1_242' title='bbox 830 3499 884 3586; x_wconf 87' lang='grc'>18)</span> <span class='ocrx_word' id='word_1_243' title='bbox 909 3505 941 3565; x_wconf 87' lang='grc'>31</span> <span class='ocrx_word' id='word_1_244' title='bbox 964 3499 993 3583; x_wconf 92' lang='lat' dir='ltr'>(I</span> <span class='ocrx_word' id='word_1_245' title='bbox 1017 3498 1048 3577; x_wconf 82' lang='lat'>5,</span> <span class='ocrx_word' id='word_1_246' title='bbox 1063 3499 1107 3583; x_wconf 88' lang='grc'>5).</span> <span class='ocrx_word' id='word_1_247' title='bbox 1164 3500 1211 3585; x_wconf 86' lang='grc'>(3)</span> <span class='ocrx_word' id='word_1_248' title='bbox 1237 3497 1332 3579; x_wconf 85' lang='lat' dir='ltr'>„Ver-</span> 
     </span>
     <span class='ocr_line' id='line_1_31' title="bbox 140 3607 1332 3686; baseline -0.001 -14"><span class='ocrx_word' id='word_1_249' title='bbox 140 3609 216 3673; x_wconf 90' lang='lat' dir='ltr'>bum</span> <span class='ocrx_word' id='word_1_250' title='bbox 250 3608 341 3672; x_wconf 80' lang='lat' dir='ltr'>dixit</span> <span class='ocrx_word' id='word_1_251' title='bbox 366 3628 475 3673; x_wconf 87' lang='lat' dir='ltr'>veram</span> <span class='ocrx_word' id='word_1_252' title='bbox 507 3609 716 3686; x_wconf 88' lang='lat' dir='ltr'>sententiam,</span> <span class='ocrx_word' id='word_1_253' title='bbox 748 3627 823 3671; x_wconf 90' lang='lat' dir='ltr'>nam</span> <span class='ocrx_word' id='word_1_254' title='bbox 848 3607 972 3672; x_wconf 87' lang='lat' dir='ltr'>verba</span> <span class='ocrx_word' id='word_1_255' title='bbox 996 3627 1014 3671; x_wconf 92' lang='grc'>3</span> <span class='ocrx_word' id='word_1_256' title='bbox 1037 3607 1222 3671; x_wconf 89' lang='lat' dir='ltr'>veritate</span> <span class='ocrx_word' id='word_1_257' title='bbox 1247 3607 1332 3671; x_wconf 90' lang='lat' dir='ltr'>dicta</span> 
     </span>
     <span class='ocr_line' id='line_1_32' title="bbox 136 3712 524 3779; baseline -0.003 0"><span class='ocrx_word' id='word_1_258' title='bbox 136 3735 203 3779; x_wconf 85' lang='lat' dir='ltr'>esse</span> <span class='ocrx_word' id='word_1_259' title='bbox 229 3716 321 3779; x_wconf 88' lang='lat' dir='ltr'>testis</span> <span class='ocrx_word' id='word_1_260' title='bbox 345 3720 393 3778; x_wconf 87' lang='lat' dir='ltr'>est</span> <span class='ocrx_word' id='word_1_261' title='bbox 415 3712 524 3778; x_wconf 83' lang='lat' dir='ltr'>Varro</span> 
     </span>
    </p>

    <p class='ocr_par' dir='ltr' id='par_1_11' title="bbox 136 3817 1331 4010">
     <span class='ocr_line' id='line_1_33' title="bbox 181 3817 1331 3904; baseline -0.002 -20"><span class='ocrx_word' id='word_1_262' title='bbox 181 3820 328 3904; x_wconf 92' lang='lat' dir='ltr'>Denique</span> <span class='ocrx_word' id='word_1_263' title='bbox 359 3819 398 3884; x_wconf 91' lang='lat' dir='ltr'>ad</span> <span class='ocrx_word' id='word_1_264' title='bbox 431 3819 528 3886; x_wconf 89' lang='lat' dir='ltr'>Andr.</span> <span class='ocrx_word' id='word_1_265' title='bbox 560 3818 576 3883; x_wconf 94' lang='lat' dir='ltr'>I</span> <span class='ocrx_word' id='word_1_266' title='bbox 608 3817 672 3883; x_wconf 85' lang='lat'>5.5</span> <span class='ocrx_word' id='word_1_267' title='bbox 704 3817 845 3904; x_wconf 80' lang='lat' dir='ltr'>legimus</span> <span class='ocrx_word' id='word_1_268' title='bbox 879 3817 1055 3896; x_wconf 83' lang='lat' dir='ltr'>„verbum”</span> <span class='ocrx_word' id='word_1_269' title='bbox 1086 3838 1143 3902; x_wconf 90' lang='lat' dir='ltr'>pro</span> <span class='ocrx_word' id='word_1_270' title='bbox 1173 3817 1331 3895; x_wconf 52' lang='lat' dir='ltr'>nitidante</span> 
     </span>
     <span class='ocr_line' id='line_1_34' title="bbox 136 3927 449 4010; baseline -0.006 -19"><span class='ocrx_word' id='word_1_271' title='bbox 136 3948 223 3991; x_wconf 92' lang='lat' dir='ltr'>more</span> <span class='ocrx_word' id='word_1_272' title='bbox 247 3947 307 3991; x_wconf 90' lang='lat' dir='ltr'>suo</span> <span class='ocrx_word' id='word_1_273' title='bbox 331 3927 449 4010; x_wconf 91' lang='lat' dir='ltr'>posuit.</span> 
     </span>
    </p>

    <p class='ocr_par' dir='ltr' id='par_1_12' title="bbox 137 4030 1333 4544">
     <span class='ocr_line' id='line_1_35' title="bbox 180 4030 1332 4117; baseline -0.003 -16"><span class='ocrx_word' id='word_1_274' title='bbox 180 4033 264 4101; x_wconf 77' lang='lat' dir='ltr'>(lum</span> <span class='ocrx_word' id='word_1_275' title='bbox 288 4035 321 4097; x_wconf 91' lang='lat' dir='ltr'>in</span> <span class='ocrx_word' id='word_1_276' title='bbox 342 4033 393 4098; x_wconf 90' lang='lat' dir='ltr'>his</span> <span class='ocrx_word' id='word_1_277' title='bbox 412 4032 649 4098; x_wconf 89' lang='lat' dir='ltr'>definitionibus</span> <span class='ocrx_word' id='word_1_278' title='bbox 668 4053 741 4109; x_wconf 91' lang='grc'>333,</span> <span class='ocrx_word' id='word_1_279' title='bbox 762 4053 843 4117; x_wconf 89' lang='lat' dir='ltr'>quae</span> <span class='ocrx_word' id='word_1_280' title='bbox 862 4030 1036 4097; x_wconf 90' lang='lat' dir='ltr'>identidem</span> <span class='ocrx_word' id='word_1_281' title='bbox 1057 4030 1208 4110; x_wconf 87' lang='lat' dir='ltr'>redeunt,</span> <span class='ocrx_word' id='word_1_282' title='bbox 1228 4033 1332 4117; x_wconf 90' lang='lat' dir='ltr'>ipsius</span> 
     </span>
     <span class='ocr_line' id='line_1_36' title="bbox 138 4139 1330 4224; baseline -0.002 -19"><span class='ocrx_word' id='word_1_283' title='bbox 138 4140 206 4205; x_wconf 90' lang='lat' dir='ltr'>Aeli</span> <span class='ocrx_word' id='word_1_284' title='bbox 241 4140 489 4224; x_wconf 90' lang='lat' dir='ltr'>descriptionem</span> <span class='ocrx_word' id='word_1_285' title='bbox 521 4139 636 4204; x_wconf 85' lang='lat' dir='ltr'>referre</span> <span class='ocrx_word' id='word_1_286' title='bbox 669 4139 848 4216; x_wconf 86' lang='lat' dir='ltr'>videantur,</span> <span class='ocrx_word' id='word_1_287' title='bbox 881 4139 1027 4222; x_wconf 90' lang='lat' dir='ltr'>sequitur</span> <span class='ocrx_word' id='word_1_288' title='bbox 1056 4158 1130 4202; x_wconf 90' lang='lat' dir='ltr'>eum</span> <span class='ocrx_word' id='word_1_289' title='bbox 1157 4140 1330 4205; x_wconf 87' lang='lat' dir='ltr'>verbum</span> 
     </span>
     <span class='ocr_line' id='line_1_37' title="bbox 137 4244 1332 4324; baseline 0.001 -15"><span class='ocrx_word' id='word_1_290' title='bbox 137 4247 194 4312; x_wconf 89' lang='lat' dir='ltr'>hoe</span> <span class='ocrx_word' id='word_1_291' title='bbox 216 4267 313 4312; x_wconf 86' lang='lat' dir='ltr'>sensu</span> <span class='ocrx_word' id='word_1_292' title='bbox 337 4245 534 4310; x_wconf 85' lang='lat' dir='ltr'>definivisse:</span> <span class='ocrx_word' id='word_1_293' title='bbox 561 4244 738 4322; x_wconf 87' lang='lat' dir='ltr'>„dietum&#39;&#39;,</span> <span class='ocrx_word' id='word_1_294' title='bbox 765 4244 945 4321; x_wconf 85' lang='lat' dir='ltr'>„axioma’&#39;,</span> <span class='ocrx_word' id='word_1_295' title='bbox 971 4246 1216 4324; x_wconf 87' lang='lat' dir='ltr'>„sententiem&#39;’,</span> <span class='ocrx_word' id='word_1_296' title='bbox 1242 4267 1332 4324; x_wconf 90' lang='lat' dir='ltr'>„sen-</span> 
     </span>
     <span class='ocr_line' id='line_1_38' title="bbox 142 4349 1333 4436; baseline -0.001 -20"><span class='ocrx_word' id='word_1_297' title='bbox 142 4355 275 4418; x_wconf 91' lang='lat' dir='ltr'>tentiam</span> <span class='ocrx_word' id='word_1_298' title='bbox 308 4351 362 4417; x_wconf 81' lang='lat' dir='ltr'>vel</span> <span class='ocrx_word' id='word_1_299' title='bbox 396 4353 666 4428; x_wconf 90' lang='lat' dir='ltr'>enuntiationem,</span> <span class='ocrx_word' id='word_1_300' title='bbox 704 4370 784 4435; x_wconf 88' lang='lat' dir='ltr'>quae</span> <span class='ocrx_word' id='word_1_301' title='bbox 819 4369 882 4414; x_wconf 90' lang='lat' dir='ltr'>uno</span> <span class='ocrx_word' id='word_1_302' title='bbox 917 4351 1090 4436; x_wconf 82' lang='lat' dir='ltr'>stringitur</span> <span class='ocrx_word' id='word_1_303' title='bbox 1123 4349 1177 4415; x_wconf 85' lang='lat' dir='ltr'>vel</span> <span class='ocrx_word' id='word_1_304' title='bbox 1209 4350 1333 4436; x_wconf 80' lang='lat' dir='ltr'>ligetur</span> 
     </span>
     <span class='ocr_line' id='line_1_39' title="bbox 139 4453 1331 4544; baseline -0.003 -21"><span class='ocrx_word' id='word_1_305' title='bbox 139 4457 265 4525; x_wconf 84' lang='lat' dir='ltr'>verbo&#39;&#39;.</span> <span class='ocrx_word' id='word_1_306' title='bbox 337 4457 422 4522; x_wconf 88' lang='lat' dir='ltr'>Beue</span> <span class='ocrx_word' id='word_1_307' title='bbox 449 4459 553 4544; x_wconf 84' lang='lat' dir='ltr'>igitur</span> <span class='ocrx_word' id='word_1_308' title='bbox 583 4455 812 4522; x_wconf 83' lang='lat' dir='ltr'>Sabbadini</span> <span class='ocrx_word' id='word_1_309' title='bbox 842 4460 950 4519; x_wconf 91' lang='lat' dir='ltr'>nostro</span> <span class='ocrx_word' id='word_1_310' title='bbox 973 4454 1042 4521; x_wconf 90' lang='lat' dir='ltr'>loeo</span> <span class='ocrx_word' id='word_1_311' title='bbox 1067 4453 1192 4521; x_wconf 89' lang='lat' dir='ltr'>Donato</span> <span class='ocrx_word' id='word_1_312' title='bbox 1216 4456 1331 4521; x_wconf 90' lang='lat' dir='ltr'>tribuit</span> 
     </span>
    </p>
   </div>
   <div class='ocr_carea' id='block_1_3' title="bbox 0 0 1714 5392">
    <p class='ocr_par' dir='ltr' id='par_1_13' title="bbox 0 0 1714 5392">
     <span class='ocr_line' id='line_1_40' title="bbox 0 0 1714 5392; baseline 0 0"><span class='ocrx_word' id='word_1_313' title='bbox 0 0 1714 5392; x_wconf 95' lang='lat' dir='ltr'> </span> 
     </span>
    </p>
   </div>
  </div>
 </body>
</html>
