3450 5382
347 329 411 396 106
656 279 660 285 ⁵
865 349 1022 399 1111111.

388 514 500 602 Itaque
522 514 582 581 Ed.
607 515 728 583 scholia
752 515 875 582 addidit
895 518 935 582 ab
953 517 1048 582 initio
1068 518 1154 582 etin
1173 517 1254 596 line,
1274 524 1371 604 atque
1391 517 1541 604 exemplo

343 623 435 687 auxit
465 621 524 703 (4).
571 621 608 687 ln
632 621 763 688 scholiis
785 623 947 688 additiciis
969 621 1085 709 copula
1108 631 1146 702 et,
1170 645 1269 709 quam
1292 624 1445 691 Wessn.
1471 647 1543 691 cur-

342 729 448 794 11111
471 749 587 814 ponere
610 728 708 807 solet,
727 728 868 794 Editoris
888 735 954 806 est,
975 732 1119 814 quoties,
1139 736 1177 795 11
1196 731 1257 797 hon
1277 732 1365 810 loco,
1387 732 1541 798 Donateis

342 833 401 899 illa
424 835 676 922 subiunguntur.

388 940 468 1006 Ibid.
494 940 535 1005 11
571 940 683 1008 Davus
707 943 754 1007 sic
776 943 900 1028 pergit:

387 1045 424 1112 ld
454 1045 512 1112 illa
541 1049 731 1113 universum
763 1047 916 1133 abripiet,
948 1047 1036 1113 haud
1066 1049 1257 1115 existimans
1284 1056 1404 1136 quanto
1428 1049 1538 1116 labore

343 1158 484 1239 partum.
525 1153 623 1220 Porro
664 1159 774 1220 autem
814 1151 898 1220 Geta
938 1154 1073 1219 ferietur
1107 1154 1170 1219 alio
1206 1176 1357 1234 munere,
1393 1157 1451 1222 ubi
1485 1177 1538 1222 ara

344 1260 503 1344 pepererit

389 1363 438 1445 (2)
464 1362 701 1442 „Universum”
721 1371 831 1431 contra
848 1364 931 1430 illud
951 1365 1035 1450 quod
1057 1367 1256 1445 „unciatim”
1282 1368 1415 1435 dixerat.
1486 1367 1540 1434 Sic

344 1470 436 1550 Don,
468 1492 565 1556 quem
587 1470 647 1536 Ed.
671 1471 853 1558 supplevit:
877 1471 925 1551 (3)
949 1471 1071 1559 Magna
1094 1475 1197 1538 virtus
1221 1491 1320 1560 paens
1343 1477 1378 1539 in
1401 1473 1541 1561 singulis

345 1575 480 1663 syllabis
495 1577 535 1656 ¹):
567 1583 677 1643 contre
699 1577 784 1642 illud
806 1577 891 1664 quod
913 1581 958 1643 ait
982 1577 1084 1656 „ille”
1110 1579 1233 1656 „illa”
1258 1579 1404 1658 rettulit,
1429 1586 1540 1646 contra

347 1686 525 1762 „unciatim
548 1685 624 1749 vix’'
646 1691 679 1749 et
699 1684 759 1761 „de
777 1684 923 1751 dimenso
944 1684 1023 1750 suo’'
1046 1685 1336 1762 „universum”
1356 1687 1409 1764 (cf.
1431 1686 1539 1766 Don.),

344 1796 453 1856 contra
474 1787 555 1879 <id>
577 1791 661 1874 quod
680 1793 727 1855 ait
751 1811 892 1867 „munus
910 1789 1108 1856 corraditnr’'
1131 1792 1358 1878 „arripiet”
1373 1793 1411 1874 2),
1432 1799 1542 1858 contra

347 1917 466 1974 „sunm
487 1894 678 1960 defraudans
696 1895 853 1981 genium'’
874 1900 907 1960 et
927 1899 1125 1981 ,comparsit
1145 1897 1266 1962 miser”
1288 1899 1416 1976 „haud
1430 1901 1542 1964 exis·

346 2005 502 2067 timens
537 2008 691 2087 quanto
725 2001 871 2067 labore
905 2002 1107 2087 partnm’'.
1177 2002 1266 2070 Haec
1299 2007 1419 2089 partim
1455 2004 1537 2070 falsa

344 2111 463 2195 partim
485 2107 610 2174 futtilia
633 2114 718 2173 sunt.

389 2214 479 2279 Idem
499 2213 709 2295 11111111(5)
730 2215 959 2292 „existimans”
977 2235 1034 2300 pro
1054 2216 1341 2294 „aestimans”,
1364 2215 1541 2283 Sallustius

346 2322 406 2398 ,ei,
438 2319 589 2399 Quirites,
613 2341 727 2406 parum
747 2321 1010 2397 existimaretis’',
1031 2323 1215 2406 praeposuit
1234 2321 1282 2403 (4)
1305 2323 1540 2400 „existimans”

346 2425 401 2492 vel
419 2425 679 2512 intelligens
696 2425 750 2492 vel
768 2428 1009 2512 recogitans
1032 2447 1068 2491 ao
1088 2433 1303 2512 reputans.
1328 2427 1376 2496 Of.
1396 2427 1541 2495 Schlee

345 2555 376 2619 p.
404 2531 487 2597 128:
520 2532 591 2598 Non
623 2535 821 2618 recogitans,
854 2553 929 2598 cnm
960 2537 1079 2617 quanto
1111 2532 1218 2598 labore
1249 2537 1446 2620 acquisitum
1478 2537 1539 2615 sit,

344 2638 429 2723 qnod
450 2641 519 2724 ipsa
541 2637 711 2703 libidinose
734 2638 901 2723 expendet.
925 2637 973 2703 De
997 2637 1096 2703 schol.
1121 2638 1283 2704 similibus
1306 2639 1346 2705 ad
1370 2662 1401 2707 v.
1429 2640 1543 2718 „ferie-

344 2744 420 2808 tur”
443 2743 516 2809 vide
540 2765 636 2830 snpra
659 2767 690 2830 p.
714 2743 768 2810 20.

389 2957 404 3024 Ι
428 2957 494 3025 2.3
517 2958 565 3040 (1)
590 2959 747 3036 „Lectum
772 2959 841 3024 est''
866 2958 1031 3037 absolute,
1055 2980 1130 3024 nam
1154 2981 1216 3026 non
1237 2959 1315 3026 dicit
1333 2961 1422 3047 quid,
1442 2970 1541 3028 111111

343 3065 471 3128 debitum
494 3088 534 3128 11
557 3071 720 3148 arpentum.
769 3063 911 3129 Wessn.
941 3064 1199 3131 additamentum
1211 3068 1277 3131 iam
1292 3066 1382 3133 obelo
1401 3071 1539 3135 notavit.

388 3171 468 3238 lbid.
493 3174 514 3235 4
549 3173 633 3239 Amo
658 3178 832 3237 1111111
856 3170 1036 3257 neglexisse
1059 3172 1160 3237 haben
1184 3175 1326 3258 gratiam

387 3278 436 3359 (l)
467 3279 588 3342 Amat
619 3277 704 3362 quod
734 3276 908 3342 reddiderit
936 3279 1125 3362 pecuniam,
1148 3281 1239 3364 agit
1262 3281 1430 3365 gratias
1455 3282 1540 3366 quod

342 3383 525 3470 diligenter.
594 3384 644 3465 (2)
667 3383 711 3448 nt
735 3380 854 3469 quare?
873 3389 987 3448 utrum
1006 3385 1081 3468 quia
1100 3383 1284 3449 nondictum
1303 3407 1367 3451 non
1387 3385 1539 3452 fefellerit

342 3510 382 3555 an
418 3493 493 3576 qnia
526 3489 648 3556 lectum
684 3489 831 3556 attulerit
865 3496 898 3556 11
932 3510 1066 3556 numero
1102 3488 1313 3576 congruenti?
1375 3555 1376 3560 ,
1405 3491 1456 3573 (3)
1496 3492 1538 3557 111

342 3602 427 3662 recte
458 3596 560 3676 dixit,
583 3618 658 3662 nam
680 3598 853 3663 redhibitio
882 3596 982 3663 debiti
1008 3597 1068 3662 hoo
1094 3599 1181 3684 agit,
1208 3603 1247 3662 11
1274 3600 1374 3664 stiam
1401 3619 1538 3686 agamus

344 3704 496 3789 gratiam.

411 3807 460 3889 (4)
481 3809 552 3874 Hoc
571 3831 628 3895 pro
647 3812 828 3896 gratiarnm
848 3812 971 3876 actione
990 3813 1130 3894 ponitur,
1154 3847 1197 3858 —
1217 3815 1250 3876 et
1270 3812 1453 3878 ostenditur
1466 3832 1539 3879 vere

342 3919 552 3982 neeessariam
576 3917 673 3982 fuisse
697 3919 877 4002 pecuniam.
904 3953 945 3965 -
971 3917 1018 3996 (5)
1032 3917 1079 3981 ‘In
1104 3917 1224 3983 Andria
1246 3917 1275 3994 (1
1303 3918 1331 3983 1.
1347 3918 1403 3999 15)
1428 3926 1483 3998 ,,11
1505 3918 1537 3984 11

342 4026 475 4108 gratum
499 4023 597 4088 fuisse
620 4023 790 4088 adversum
816 4027 847 4087 te
870 4022 971 4088 habeo
996 4023 1169 4109 gratiam'’.

388 4125 426 4191 In
456 4127 507 4192 his
538 4130 679 4214 genuina
702 4127 855 4195 videntur
875 4128 1100 4194 tantummodo
1124 4128 1174 4210 (4)
1198 4135 1231 4194 11
1253 4129 1312 4210 (5),
1336 4151 1417 4216 quae
1441 4152 1537 4197 unam

377 4387 405 4450 1)
422 4385 459 4434 De
476 4386 520 4435 hon
538 4387 645 4437 encomio
664 4386 716 4436 vide
733 4403 805 4452 snpra
822 4403 846 4453 p.
867 4388 898 4438 50
916 4388 946 4436 ad
964 4387 1025 4440 1111,
1042 4388 1068 4438 Π
1085 4390 1108 4438 8.
1120 4389 1203 4451 oete).

377 4469 406 4540 2)
423 4469 452 4521 11
469 4469 571 4518 citandis
587 4469 693 4519 versibus
710 4469 906 4536 orthographiam
924 4470 1052 4520 commenti
1070 4470 1138 4535 sequi
1154 4471 1227 4532 soleo,
1244 4472 1290 4522 nisi
1307 4472 1455 4523 1111111111
1472 4472 1509 4522 nt.
