3450 5382
715 349 873 399 nouenos.
1329 331 1393 398 185

200 539 266 586 ros
297 539 364 584 esse
396 520 598 594 innocentes,
632 512 762 580 tandem
793 516 872 580 citat
902 535 939 581 ea
972 534 1053 601 quae
1084 515 1196 580 statim
1220 520 1399 600 sequuntur

201 624 291 703 „sed
323 646 408 690 nuno
439 623 522 689 mihi
552 624 586 686 in
618 607 760 687 mentem
794 623 884 687 venit
915 621 954 686 de
985 622 1044 687 hac
1069 642 1102 687 re
1126 620 1211 706 qnod
1235 620 1343 687 locuta
1365 643 1399 688 es

143 744 147 754 ·
198 729 310 808 olim'',
334 750 449 815 nempe
474 748 608 794 uxorem
632 747 765 812 negasse
785 729 854 812 pati
873 747 906 792 so
925 747 1015 812 posse
1036 732 1074 792 ut
1093 725 1160 791 filie
1178 747 1236 791 sna
1255 733 1399 794 maneret

198 857 273 901 cnm
304 857 387 902 novo
421 835 555 912 marito,
589 835 645 918 qui
668 834 870 899 meretricem
895 836 1019 899 smeret
1042 837 1103 912 (vs.
1128 831 1295 913 22-24);
1320 833 1398 900 haec

198 941 303 1028 igitur
332 944 367 1007 in
398 945 540 1006 mentem
572 959 723 1005 revocans
753 939 934 1024 Phidippus
967 938 1094 1004 dubitat
1124 960 1164 1004 en
1195 960 1257 1004 non
1289 943 1397 1024 potius

200 1047 356 1133 culpanda
390 1068 487 1134 qnam
522 1045 703 1111 miseranda
738 1047 781 1110 sit
816 1067 906 1111 uxor.
948 1045 1066 1111 Donati
1100 1047 1395 1132 interpretationem

200 1175 307 1220 veram
338 1175 423 1232 esse,
457 1153 535 1218 haec
558 1153 716 1218 sententie
739 1151 940 1218 adversative
965 1151 1179 1216 demonstrat:
1205 1150 1338 1217 Utinam
1364 1157 1394 1217 te

196 1262 398 1326 innocentem
439 1279 507 1325 esse
547 1257 725 1335 crederem,
766 1257 822 1323 sed
864 1257 1034 1344 prohibent
1075 1277 1157 1342 quae
1191 1259 1327 1323 memini
1361 1263 1393 1323 te

198 1365 311 1430 dicere.
344 1365 508 1431 Accedunt
540 1361 603 1429 alia
624 1369 835 1450 argumenta,
860 1385 940 1449 quse
964 1362 1058 1429 facile
1080 1365 1224 1429 inveniet
1247 1365 1393 1449 quisquis

198 1473 369 1538 verborum
393 1476 579 1538 contextum
600 1469 675 1535 inde
698 1490 717 1534 a
742 1491 789 1535 vs.
815 1469 859 1534 20
883 1473 1006 1536 attente
1030 1467 1157 1556 legerit.
1334 1455 1336 1458 ⁵

244 1576 304 1642 His
339 1582 449 1643 autem
483 1575 612 1642 scholiis
645 1577 835 1661 interposita
870 1579 919 1641 est
955 1573 1056 1641 altera
1090 1577 1313 1661 interpretatio
1346 1575 1394 1657 (2)

198 1704 272 1750 vere
300 1685 420 1769 inepta.
453 1681 619 1762 Quomodo
652 1683 738 1747 enim
762 1681 960 1767 Phidippus,
984 1684 1155 1766 postquam
1179 1683 1392 1759 asseveravit,

196 1788 344 1875 culpam,
377 1809 473 1874 qnam
503 1786 636 1853 illorum
665 1786 764 1867 (filiae
787 1793 820 1852 et
842 1790 966 1873 generi)
989 1808 1056 1852 esse
1080 1786 1274 1866 crediderat,
1299 1808 1395 1873 penes

198 1916 329 1960 uxorem
353 1915 421 1960 esse
443 1904 561 1979 („quae
585 1900 616 1958 te
639 1898 689 1958 est
708 1894 850 1978 penes'’),
871 1899 981 1979 optare
1001 1897 1106 1978 potest
1126 1896 1273 1972 „utinam
1294 1896 1392 1959 eciem

198 2021 292 2086 penes
316 2007 348 2065 te
373 1996 484 2065 esse”l
515 1997 695 2064 Scholiasta
718 2001 776 2064 hoc
801 2001 916 2077 sensit,
940 1998 1074 2084 ideoque
1098 2000 1195 2064 verbe
1219 2002 1303 2066 senis
1327 2021 1393 2065 cor-

197 2109 284 2193 rupit
318 2107 474 2173 scribens:
513 2106 658 2183 ,credo
693 2128 788 2192 penes
822 2113 854 2172 te
885 2127 952 2171 esse
983 2104 1146 2191 eulpam’',
1177 2127 1252 2171 cnm
1283 2112 1391 2173 temen

196 2234 291 2279 senex
323 2213 518 2278 affirmanter
549 2212 665 2278 dixerit
689 2218 751 2290 ,te
782 2215 845 2276 est
875 2210 1004 2296 penes’'.
1040 2211 1129 2278 Haeo
1153 2234 1205 2279 me
1228 2212 1392 2279 adducunt

199 2325 236 2384 ut
266 2318 393 2385 credam
424 2318 589 2384 llditorem
619 2321 679 2384 hoc
702 2317 859 2384 scholium
884 2340 945 2385 non
969 2323 1097 2384 tentum
1120 2321 1310 2397 inseruisse,
1336 2320 1390 2385 sed

196 2427 304 2510 ipsum
333 2427 511 2503 invenisse,
542 2424 639 2510 idque
664 2424 899 2510 „quibusdam”
924 2427 1120 2512 imputasse,
1145 2447 1207 2512 quo
1230 2421 1391 2513 antiquior

198 2532 361 2598 videretur
384 2535 565 2598 auctoritas.

243 2639 393 2705 Wessn.
426 2642 525 2705 sensit
556 2638 754 2705 scholiorum
778 2638 922 2704 ordinem
946 2637 1140 2719 claudicare,
1165 2640 1220 2705 sed
1243 2661 1319 2706 cum
1342 2640 1390 2722 (3)

196 2746 372 2810 maximam
408 2759 532 2830 partem
567 2743 765 2822 eliminaret,
797 2765 908 2811 veram
940 2766 1047 2810 rerum
1079 2745 1296 2811 condicionem
1328 2768 1390 2811 non

196 2853 357 2937 perspexit
373 2850 407 2931 ¹).

241 2954 284 3022 lv
307 2955 396 3021 214
431 2956 502 3022 Non
538 2959 650 3034 facies,
686 2977 788 3042 neque
825 2959 928 3022 sinam
967 2962 1003 3020 ut
1039 2959 1094 3042 qui
1129 2958 1236 3034 nobis,
1272 2961 1386 3035 mater,

195 3061 403 3128 maledictum
436 3062 532 3140 velit,
558 3084 628 3129 mea
653 3063 828 3147 pertinacia
854 3083 922 3127 esse
945 3061 1031 3128 dicat
1055 3062 1195 3138 sactum,
1221 3061 1307 3127 haud
1333 3069 1387 3128 tna

195 3168 352 3234 modestia

240 3274 288 3353 (2)
312 3275 423 3339 Primo
444 3295 528 3350 „non
548 3275 676 3351 facias”,
697 3274 825 3352 deinde,
847 3277 873 3339 si
893 3275 995 3341 faeere
1015 3277 1281 3360 perseveraveris,
1302 3297 1387 3353 „non

195 3379 332 3444 sinem’'.
357 3417 399 3429 -
424 3378 472 3461 (3)
496 3379 538 3445 nt
563 3402 646 3459 „non
669 3379 785 3445 sacies’'
811 3402 873 3446 non
898 3386 946 3446 est
965 3379 1201 3458 interdicentis,
1221 3380 1277 3445 sed
1296 3383 1388 3466 quasi
1438 3455 1440 3460 ,

196 3486 297 3551 dicat:
327 3508 389 3551 non
419 3493 452 3551 te
482 3488 547 3551 scio
570 3487 727 3552 facturam
751 3507 821 3551 rem
844 3493 911 3552 tarn
935 3508 1080 3572 pravam.
1106 3525 1149 3536 —
1174 3486 1257 3551 Sunt
1279 3491 1390 3552 autem

195 3594 251 3678 qui
283 3613 405 3678 „neque
437 3591 562 3657 sinem'’
595 3595 733 3677 iungant
760 3593 983 3671 inferioribus,
1008 3598 1084 3659 sunt
1106 3591 1162 3678 qui
1188 3597 1292 3658 totum
1317 3614 1390 3658 con-

195 3703 281 3764 texte
303 3697 415 3784 legunt
440 3719 523 3776 „non
547 3697 671 3764 facies'’,
690 3718 792 3782 usque
814 3689 1024 3777 „modestia”.

240 3802 379 3870 Lineolis
403 3806 525 3870 secrevi
549 3803 689 3870 Elditoris
713 3804 1012 3890 interpolationem,
1036 3806 1156 3870 etenim
1182 3804 1264 3870 Don.
1287 3806 1321 3869 in
1340 3804 1390 3886 (2)

193 3913 259 3975 iem
291 3912 368 3975 satis
399 3909 539 3976 ostendit
570 3910 709 3988 „facies”
734 3931 801 3976 esse
824 3912 928 3977 futuri
952 3914 1122 3998 temporis,
1144 3933 1201 3978 nec
1225 3918 1308 3978 storo
1332 3934 1389 3998 pro

192 4017 395 4101 imperativo.
420 4015 473 4081 Sic
496 4014 671 4098 (2)†(3)b
696 4037 797 4081 unum
822 4018 963 4083 efficiunt
986 4017 1156 4084 scholium.
1181 4017 1286 4097 „Sunt
1309 4018 1387 4104 qui’'

191 4125 315 4187 certum
340 4127 509 4187 auctorum
530 4121 688 4188 indicium
712 4144 774 4188 non
799 4124 938 4190 exhibet.

227 4388 252 4446 Ι)
274 4388 377 4436 Prorsus
400 4403 414 4436 s
438 4402 495 4436 vero
512 4386 607 4436 aberrat
625 4387 718 4437 Pauli
736 4388 869 4437 Thomas
886 4389 1055 4454 interpretatio
1072 4389 1102 4438 sd
1119 4388 1142 4436 lr.
1153 4388 1179 4448 l.,
1196 4389 1238 4452 qni
1257 4389 1331 4439 schol.
1349 4392 1386 4453 (2)

190 4474 214 4519 et
228 4472 263 4532 (3)
276 4469 342 4534 qrrasi
359 4485 432 4519 unum
446 4470 586 4519 continuum
599 4469 683 4519 citavit
697 4485 826 4534 eorumque
840 4470 1005 4521 diversitatem
1022 4487 1068 4520 non
1078 4470 1273 4521 animadvertisse
1284 4473 1388 4525 videtote
