3450 5382
347 373 412 440 186
867 392 1023 442 nonanus.

388 557 432 623 lv
456 556 487 623 4.
501 557 545 623 89
581 557 665 624 Nam
689 561 758 644 ipsa
781 560 923 624 narravit
947 558 1029 622 mihi

388 663 436 745 (l)
472 662 591 729 Utrum
622 664 718 751 fingit
749 665 826 731 huso
858 665 976 730 dixisse
1008 663 1108 729 liliam
1141 665 1202 729 sibi
1234 685 1273 730 an
1298 686 1372 731 vore
1395 667 1480 729 κατὰ
1505 666 1540 730 τὸ

344 766 536 844 σιωπώμενον
556 770 677 835 sautum
698 767 767 835 ost?
835 770 884 849 (2)
905 770 975 856 ligo
995 775 1147 836 neutrum
1167 775 1246 855 puto
1265 775 1297 835 at
1319 773 1364 835 sio
1376 769 1540 856 intelligo,

343 876 429 960 quod
455 877 493 942 da
518 897 615 943 uxora
640 899 698 944 sna
721 877 806 943 disat
831 880 921 962 „ipsa
945 879 1088 943 narravit
1112 876 1215 941 mihi’'
1240 876 1416 941 secundum
1440 876 1540 956 illud,

343 980 428 1066 quod
459 1003 555 1068 supra
586 983 667 1048 dixit
700 983 756 1063 (IV
784 981 975 1065 Lar-24)
1008 983 1082 1062 „sod
1114 1004 1198 1048 nuno
1229 983 1312 1048 mihi
1339 985 1372 1047 in
1396 987 1539 1048 mentam

345 1088 456 1153 vonit''
480 1094 555 1154 ostt.

390 1193 616 1262 Controversia
640 1216 659 1260 a
681 1197 787 1261 Probo
812 1197 914 1283 Aspro
937 1197 1069 1262 fortasse
1092 1198 1158 1260 iam
1181 1200 1281 1260 mota.

392 1421 604 1507 Rapporimus

392 1527 533 1594 Probum
557 1528 580 1594 Ι·
599 1529 628 1595 1.
642 1529 674 1594 2.

389 1633 489 1702 Louna
521 1635 576 1700 ubi
599 1635 725 1702 Probus
748 1636 850 1721 Asper
873 1637 1006 1701 indicati
1029 1658 1096 1702 osse
1119 1641 1254 1721 possunt
1277 1637 1292 1701 Ι
1318 1636 1393 1714 1.1,
1418 1636 1449 1701 2.
1464 1633 1540 1714 782,

346 1739 376 1805 II
401 1739 499 1808 1.37.
536 1739 582 1807 III
607 1740 638 1806 4.
663 1741 717 1807 26.
741 1741 797 1808 33.
831 1741 874 1806 IV
899 1739 1020 1821 2142,
1046 1740 1076 1807 4.
1090 1741 1144 1807 89.

388 1845 501 1914 llditor
518 1867 611 1912 suam
622 1848 804 1932 opinionem
818 1849 939 1932 profert
951 1849 1011 1913 sub
1025 1847 1180 1914 vocabulo
1195 1847 1369 1934 „quidam”
1382 1845 1425 1910 IV
1441 1847 1539 1913 1.ι21.

388 1950 502 2018 Plures
527 1952 631 2018 fontan
655 1952 840 2022 indicantur
862 1952 906 2018 IV
929 1952 1030 2019 214.

839 2213 1044 2280 Phormio.

390 2442 405 2506 I
431 2441 517 2508 1.15
535 2440 558 2522 ¹)
593 2442 657 2507 Ubi
679 2443 854 2508 initiabant

391 2549 439 2628 (3)
463 2549 599 2634 Legitur
623 2548 708 2633 apud
732 2548 907 2614 Varronem
930 2547 1043 2626 (Catus
1068 2548 1106 2614 da
1130 2548 1186 2614 lib.
1211 2548 1316 2628 uduo.)
1341 2550 1537 2626 „initiari

345 2675 459 2738 pueros
491 2653 625 2719 Eduliao
656 2659 688 2718 ot
721 2655 851 2720 Potioao
883 2661 915 2720 ot
939 2653 1056 2733 (lubae,
1083 2654 1131 2720 dis
1155 2654 1269 2720 edendi
1293 2659 1326 2720 at
1350 2653 1482 2740 potandi
1504 2659 1538 2719 et

343 2759 512 2838 cubandi',
544 2765 619 2825 oatt.
723 2761 782 2825 hoo
812 2763 979 2826 annotavit
1006 2761 1148 2839 Probus,
1172 2761 1228 2826 sod
1251 2761 1419 2826 Tonantius
1442 2759 1540 2847 Apol·

343 2865 493 2931 lodorum
516 2868 673 2950 sequitur,
697 2866 782 2951 apud
806 2888 902 2952 quam
926 2865 1058 2952 legitur,
1082 2871 1156 2931 ostt.

387 2971 669 3037 Verisimillimum
704 2978 752 3037 est
785 2971 948 3038 Donatum
982 2972 1014 3036 h.
1034 2971 1058 3037 l.
1089 2973 1206 3037 referre
1238 2991 1318 3057 quaa
1349 2971 1472 3057 legarat
1502 2972 1535 3035 in

341 3080 568 3144 commentario
597 3079 713 3163 Aspri‚
745 3100 820 3143 oum
850 3078 890 3144 do
920 3077 1025 3143 Probo
1058 3083 1129 3143 tum
1160 3077 1198 3142 da
1227 3075 1431 3164 Apollodoro.
1456 3074 1536 3141 Vide

343 3183 496 3249 Wossn.
521 3205 551 3269 p.
577 3183 632 3250 22.

387 3289 453 3355 12.
467 3289 510 3356 24
545 3290 684 3356 Memini
707 3289 845 3375 relinqui
870 3310 922 3355 ms
945 3288 1003 3354 deo
1027 3291 1109 3354 irato
1134 3311 1206 3355 meo

386 3395 435 3477 (1)
466 3395 517 3462 Sio
547 3395 710 3483 Vergilius
742 3416 821 3472 „noo
853 3394 885 3460 di
916 3401 1023 3461 texero
1047 3394 1234 3481 Cupencum
1258 3396 1364 3462 Aonoa
1387 3395 1536 3460 veniente

341 3503 392 3566 sui
416 3501 506 3581 (Aen.
532 3502 596 3568 XIl
619 3501 708 3578 539).
733 3502 805 3568 Hoo
830 3502 940 3587 Asper,
964 3501 1019 3566 ssd
1043 3502 1126 3566 mihi
1149 3502 1288 3579 videtur,
1313 3506 1389 3566 oott.

386 3605 434 3672 Do
457 3607 517 3673 hoo
540 3608 661 3674 acholio
685 3608 759 3674 vido
783 3628 880 3693 supra
903 3610 936 3671 in
960 3610 1064 3693 capite
1088 3607 1126 3674 ds
1146 3607 1276 3673 scholiis
1296 3607 1509 3671 Phormionis.

388 3712 404 3776 I
424 3712 488 3779 3.3
510 3713 736 3800 „Inungitans”
757 3715 956 3780 temerarius.
976 3713 1100 3779 Probus
1117 3735 1253 3792 „noman
1272 3713 1533 3798 incogitans’'

341 3821 465 3905 inquit,
493 3822 545 3897 „in
571 3841 631 3886 usu
656 3827 722 3900 ost,
748 3826 781 3886 at
804 3841 866 3885 non
889 3819 1001 3885 ondam
1025 3819 1120 3886 modo
1139 3818 1317 3906 cogitans”.

387 3924 476 3991 Haeo
498 3924 601 3992 denuo
626 3947 665 3993 ex
689 3927 785 4012 Aspri
808 3931 1002 3993 commento.

386 4029 466 4096 Ibid.
488 4031 509 4096 8
528 4032 576 4113 (l)
599 4034 763 4099 Amatoria
783 4030 928 4118 loquitur
947 4033 1100 4118 Antipho.
1120 4033 1237 4100 Errant
1256 4033 1313 4118 qui
1332 4035 1447 4117 putant
1459 4052 1535 4097 oum

340 4138 501 4221 paenitere
525 4140 576 4203 sui
599 4137 747 4204 desiderii
853 4138 908 4205 sad
930 4138 990 4205 hoo
1014 4138 1101 4205 dioit.

343 4318 538 4332 —q———n

375 4426 402 4490 1)
419 4426 508 4476 Inuum
525 4426 567 4491 qui
586 4427 705 4492 pasnadii
722 4426 747 4475 in
761 4426 861 4493 prologo
876 4425 908 4475 26
918 4427 953 4490 (Ι)
971 4441 1032 4476 ‚non
1048 4441 1104 4492 orgo
1119 4441 1133 4474 ι
1149 4425 1260 4480 formula.
1276 4428 1303 4474 nt
1317 4425 1413 4489 quidam
1424 4423 1535 4490 pniunt'’,

339 4525 412 4575 snpra
429 4509 537 4558 tractavi.
