3450 5382
356 295 420 360 104
873 316 1029 366 nonense.

353 479 451 544 verba
474 501 556 555 „non
573 500 649 566 ergo
670 500 689 544 a
708 479 865 560 formula,
885 486 924 546 66
943 481 1074 566 quidam
1093 481 1230 566 putant’'
1250 483 1379 547 cursiva
1391 477 1549 568 scriptura

353 605 372 649 a
395 584 654 669 praecedentibus
678 585 782 650 denno
805 591 985 652 secreverit.

400 690 483 770 Quid
516 689 641 757 multat
672 690 819 758 Donatus
846 693 1117 760 Phormionis
1140 692 1337 760 vocabulum
1361 694 1455 779 plane
1477 695 1549 760 illu-

355 799 470 862 stravit
501 799 535 861 in
565 798 779 882 praefation03
811 800 885 864 hinc
917 799 1000 865 alius
1024 803 1181 887 magister
1205 802 1408 865 concinnavit
1431 799 1500 881 26(
1526 808 1548 882 ),

354 903 438 988 quod
470 925 573 968 unum
605 907 795 972 continuum
824 911 889 990 est,
924 905 1007 971 alius
1038 905 1107 971 12.
1123 904 1165 972 72
1177 905 1236 988 (2),
1261 926 1338 971 666
1361 907 1441 972 haec
1464 909 1549 971 inter

354 1030 387 1074 66
411 1009 598 1094 discrepant.
630 1009 714 1076 'lum
738 1011 881 1076 medium
906 1011 1064 1078 scholium
1088 1012 1130 1077 26
1144 1012 1192 1093 (1)
1216 1014 1330 1077 tertius
1354 1011 1472 1098 aliquis
1496 1033 1548 1078 ex·

355 1118 472 1201 carpsit
495 1117 529 1180 in
554 1116 596 1181 26
610 1116 668 1197 (2).
694 1118 809 1183 Ρο6666
833 1124 941 1183 autem
965 1118 1135 1184 scholiasta
1159 1119 1347 1184 Bembinius
1367 1119 1497 1198 (Herm.
1517 1119 1549 1184 Π

357 1220 436 1301 378)
466 1223 526 1287 166
556 1221 821 1288 censcribillavit:
855 1223 1014 1300 „Formon
1046 1224 1170 1289 dicatur
1193 1245 1287 1310 grece
1313 1245 1441 1289 saecum
1465 1245 1551 1309 spar-

356 1336 445 1395 6666
469 1329 522 1408 (66.
547 1329 642 1415 praef.
668 1328 762 1405 Don.)
772 1350 780 1408 ;
801 1331 840 1395 ab
861 1331 920 1395 hoc
939 1333 1077 1416 parasito
1098 1352 1214 1396 nomen
1234 1337 1282 1396 est
1301 1329 1354 1395 vel
1373 1334 1550 1415 capacitate

356 1436 472 1514 (ibid),
504 1436 588 1501 unde
615 1435 745 1501 Formio
769 1457 847 1502 corr.
871 1459 919 1522 pr.
944 1436 1018 1525 syll.
1044 1459 1094 1522 ap.
1119 1437 1225 1522 Apoll.
1250 1441 1315 1515 666,
1340 1459 1401 1502 666
1428 1458 1550 1523 ergoa

356 1541 512 1619 formula,
545 1547 583 1606 ut
614 1542 746 1627 quidam
777 1549 909 1628 putant,
942 1564 1019 1629 ergo
1049 1543 1124 1608 inde
1154 1564 1221 1629 par.
1253 1542 1309 1608 vil.
1336 1543 1426 1608 cond.
1452 1544 1550 1608 homo

356 1648 408 1726 (cf.
433 1647 476 1712 26
490 1647 558 1728 (1))
566 1669 573 1726 ;
607 1650 634 1712 si
663 1650 750 1712 enim
774 1668 792 1712 a
814 1648 954 1713 formula
977 1654 1060 1714 esset
1083 1670 1170 1714 nom.
1194 1670 1288 1726 com„
1313 1655 1552 1734 protraeremus

356 1756 495 1839 primam
528 1753 614 1840 sylb,
638 1756 665 1818 si
689 1775 707 1819 a
730 1755 901 1832 formiana,
928 1777 1008 1820 corr.
1033 1755 1187 1820 debemus
1212 1755 1265 1834 (cf.
1289 1755 1332 1820 26
1344 1755 1448 1835 (2)),”
1475 1760 1550 1820 6666.

401 1858 526 1924 Editori
548 1861 754 1944 potissimum
778 1859 955 1926 addixerim
979 1860 1076 1927 schol.
1102 1860 1144 1926 26
1158 1861 1207 1940 (1)
1235 1866 1257 1940 ).
1344 1907 1345 1912 1

402 2093 507 2159 11.6
541 2094 625 2160 Nam
657 2094 769 2160 erilem
801 2094 907 2161 lilium
937 2097 1007 2162 eius
1040 2095 1169 2161 duxisse
1200 2094 1295 2160 audio
1327 2115 1478 2160 uxorem:
1503 2097 1550 2170 ei,

358 2198 464 2277 credo,
489 2222 608 2265 munus
632 2201 691 2266 hoc
715 2202 893 2268 corraditur

403 2304 450 2384 (2)
476 2306 556 2383 „Di”
581 2309 674 2372 uxori
698 2306 830 2373 scilicet.
900 2307 948 2393 (5)
973 2308 1016 2374 ut
1040 2309 1113 2387 „ei”
1139 2329 1179 2373 an
1203 2309 1299 2373 uxori
1323 2327 1362 2372 an
1388 2306 1551 2384 absolute,

358 2416 396 2474 ut
419 2413 461 2474 sit
486 2415 536 2488 „ei
560 2411 649 2477 rei’?

403 2515 508 2582 Schol.
534 2517 583 2598 (6)
605 2521 714 2604 inepta
737 2520 897 2586 dubitatio
918 2526 972 2586 est.
986 2520 1137 2597 Editoris,
1162 2520 1202 2585 cf.
1223 2541 1271 2587 vs.
1294 2518 1335 2583 15
1358 2539 1475 2596 „omne
1493 2518 1553 2583 hec

358 2628 462 2687 mater
485 2622 639 2689 auferet”.

358 2823 553 2832 ——---

392 2948 420 3012 1)
445 2948 627 2996 Wessncrus
650 2947 675 2996 in
699 2948 826 3012 appendice
849 2961 941 2997 66666
965 2947 1083 2996 consentit
1100 2947 1125 2996 in
1143 2962 1180 3006 ao,
1197 2947 1260 3011 quod
1277 2947 1309 2996 26
1318 2946 1352 3008 (2)
1370 2945 1465 2994 fluxisse
1483 2947 1552 3010 potat

327 3066 330 3072 ,
358 3045 387 3078 ex
402 3029 434 3079 26
444 3031 478 3092 (l)
495 3033 519 3078 et
536 3032 599 3094 qnod
616 3029 769 3093 praefationis
784 3029 855 3078 verba
874 3031 967 3078 Donato
985 3029 1100 3092 adsignat.
1120 3027 1156 3076 De
1174 3027 1259 3077 ceteris
1273 3042 1417 3091 magnopere
1432 3027 1551 3076 dissentit.

358 3113 380 3160 N
384 3128 414 3160 on
431 3112 589 3177 proficiscitur
607 3129 620 3160 a
638 3113 784 3177 praelatione
800 3113 840 3161 sed
856 3128 870 3161 a
886 3112 977 3161 scholio
994 3111 1077 3173 26(1),
1098 3111 1165 3160 66666
1181 3110 1278 3160 6666666
1295 3113 1319 3159 66
1333 3111 1413 3168 6666,
1434 3109 1551 3174 exemptis

357 3211 401 3260 pro
427 3193 567 3242 emblemate
591 3193 669 3243 verbis
697 3196 773 3243 ,6666
850 3193 951 3259 putent'’
978 3193 1093 3242 adscribit
1118 3193 1139 3241 ei
1165 3192 1221 3257 aqui
1245 3191 1386 3256 Apollodori
1403 3193 1551 3242 comoediam

357 3292 411 3325 666
429 3276 570 3324 Terentiana
587 3275 714 3335 contulit”‚
736 3292 806 3341 quern
825 3278 929 3340 Asprum
946 3275 1017 3325 666666
1035 3275 1181 3340 suspicatur;
1202 3273 1256 3322 dein
1273 3273 1393 3322 Donatum
1408 3289 1459 3323 esse
1475 3278 1553 3340 putat,

357 3358 398 3422 qni
416 3374 468 3406 666
487 3358 543 3407 huic
561 3357 650 3407 scholio
670 3359 868 3422 ‚originationem
885 3358 995 3407 Latinam
1013 3357 1109 3407 aliunde
1123 3356 1168 3406 sibi
1182 3353 1319 3420 cognitsm''
1333 3355 1446 3406 intulerit
1462 3358 1552 3418 (nunde

357 3475 397 3492 ...
421 3437 540 3503 putant''),
566 3442 618 3487 tom
645 3440 799 3502 praelationis
823 3440 894 3489 verba
920 3440 1049 3505 scripserit,
1075 3439 1175 3503 denique
1202 3439 1274 3487 66666
1296 3438 1308 3487 Ι
1332 3439 1355 3488 2.
1366 3437 1398 3491 72
1408 3439 1452 3500 (2),
1483 3455 1550 3488 ,666

358 3521 504 3585 praelatione
527 3522 550 3568 et
574 3535 628 3568 666
651 3520 729 3570 Schol.
756 3521 787 3570 26
796 3523 831 3583 (1)
854 3521 972 3571 artissime
990 3520 1169 3570 coniunctnm'’.
1194 3522 1228 3568 De
1245 3519 1348 3568 Aemilio
1365 3522 1442 3584 Aspre
1463 3521 1550 3569 Donati

358 3601 383 3650 iu
402 3603 498 3650 Graecis
515 3604 619 3660 auctore,
638 3605 664 3649 ut
682 3601 710 3649 66
730 3603 870 3659 remearis,
888 3603 950 3652 nihil
968 3619 1030 3652 6666
1047 3603 1154 3667 disput03
1170 3617 1207 3650 res
1222 3601 1293 3665 digna
1306 3604 1349 3660 666,
1367 3617 1427 3664 quae
1441 3606 1551 3652 accurata

358 3683 485 3745 aliqnando
508 3682 658 3744 inquiratur3
683 3684 722 3731 sad
746 3684 816 3733 verba
840 3685 1001 3749 praelationis,
1027 3684 1103 3734 multe
1121 3683 1229 3748 pleniore
1246 3685 1270 3730 66
1288 3682 1436 3732 accuratiore
1453 3687 1479 3746 (a
1496 3685 1555 3734 for-

358 3765 439 3813 mula
466 3763 551 3822 litis,
579 3779 666 3828 quem
692 3763 870 3836 intenderit
947 3767 1045 3816 liaeus
1071 3769 1220 3830 sparteus
1241 3768 1271 3813 et
1294 3767 1430 3814 stramen
1450 3766 1553 3815 nanti·

357 3861 424 3895 666
501 3844 548 3894 vel
574 3846 752 3910 capacitate
777 3847 826 3896 sel
853 3847 1005 3908 vilitate),
1031 3848 1171 3896 concinnata
1198 3861 1247 3895 esse
1270 3861 1282 3894 e
1305 3845 1401 3894 scholiis
1425 3846 1504 3910 26(1)
1526 3851 1550 3897 66

359 3928 390 3981 72
398 3929 433 3991 (2)
450 3932 474 3977 66
488 3928 552 3977 inter
570 3944 593 3976 se
611 3932 635 3978 et
653 3928 739 3977 abillo
757 3928 855 3978 diversis
873 3945 899 3978 ee
913 3933 1036 3994 praeterea
1050 3929 1136 3979 horum
1151 3929 1258 3978 omnium
1274 3929 1396 3978 auctorem
1410 3944 1460 3978 esse
1476 3946 1550 3979 unum

358 4012 487 4068 Donatum,
510 4025 557 4059 nen
575 4012 650 4059 credo.
670 4011 750 4060 Multo
766 4012 847 4060 verior
863 4015 888 4060 66
904 4012 1036 4077 simplicior
1055 4012 1111 4060 haec
1128 4014 1164 4059 est
1182 4011 1253 4070 ratio,
1271 4013 1298 4058 ut
1316 4012 1423 4059 Donatus
1440 4012 1466 4060 in
1486 4028 1551 4077 prae·

356 4093 445 4142 satione
463 4096 568 4154 (auctore
585 4095 670 4158 Aspre,
684 4093 705 4142 si
720 4094 857 4156 videbitur‚)
871 4097 949 4143 totam
964 4110 1015 4143 ram
1028 4093 1162 4143 luculenter
1172 4092 1306 4157 exposuerit
1316 4095 1340 4141 et
1349 4107 1549 4156 supervacaneum

358 4178 423 4223 ratus
446 4175 477 4224 sit
500 4175 528 4223 ad
556 4176 675 4239 proximas
698 4192 791 4226 scaenas
814 4177 896 4225 eadam
920 4181 1035 4241 repetere,
1053 4176 1117 4239 quod
1134 4179 1215 4224 tamen
1232 4174 1342 4223 fecerunt
1359 4173 1551 4240 interpolatores,

293 4303 296 4308 .
357 4256 419 4305 nihil
436 4257 493 4306 nevi
510 4257 620 4306 addentes
638 4258 684 4306 nisi
702 4259 730 4307 de
745 4259 887 4324 quantitatis
905 4258 1040 4307 differentia
1058 4257 1121 4306 vocis
1140 4259 1244 4306 Graecae
1262 4259 1286 4304 66
1303 4255 1410 4304 Latinae.
1434 4252 1481 4306 Sed
1495 4257 1552 4306 haee

357 4339 420 4388 ratio
437 4339 539 4405 perspici
557 4355 604 4389 non
621 4340 700 4406 potuit
717 4347 844 4406 antequam
861 4342 889 4390 66
906 4340 1119 4405 interpolationem
1134 4342 1221 4388 natura
1237 4342 1261 4387 66
1276 4338 1409 4402 frequentia
1425 4339 1483 4388 satis
1496 4355 1551 4388 con-

354 4424 436 4473 steret.
