3418 5392
376 369 418 435 16
892 387 1047 436 ausurus.

375 571 571 637 consequens
591 551 630 617 ad
650 551 683 616 id
704 550 788 636 quod
808 551 883 617 vult
903 554 1018 630 (immo
1037 551 1122 638 quod
1141 554 1259 637 coepit)
1279 553 1392 633 dicere,
1414 557 1572 622 nisiforte

375 656 622 744 „disciplinam”
646 678 703 742 pro
729 656 895 742 discipulis
918 659 1037 742 posuit.
1108 655 1155 736 (3)
1178 657 1250 723 Non
1269 658 1329 724 hoc
1348 660 1462 726 intulit
1486 663 1571 747 quod

374 769 519 848 coeperat
542 763 661 840 dicere,
685 764 747 826 nisi
770 763 853 828 forte
878 761 1124 847 „disciplinam”
1149 784 1206 847 pro
1230 764 1398 850 discipulis
1422 770 1541 851 posuit.

419 869 528 933 Sabb.
549 875 633 933 recte
652 866 737 932 illud
757 867 992 953 Interpolatori,
1013 868 1072 935 hoc
1091 867 1219 933 Donato
1234 868 1332 936 dedit.
1347 871 1572 950 (Bentleius

374 977 513 1039 correxit
535 972 768 1059 discipulis
791 976 825 1038 in
849 995 896 1039 vs.
922 973 990 1054 32).
1293 999 1296 1004 ·

418 1080 449 1145 II
473 1081 503 1145 3.
518 1080 561 1145 22
574 1080 623 1162 (1)
648 1079 765 1157 „Haud
788 1079 906 1144 similis
932 1083 1024 1166 virgo
1048 1085 1095 1144 est
1120 1083 1287 1168 virginum
1310 1084 1517 1158 nostrarum''
1541 1104 1568 1149 o.

373 1185 438 1266 (vel
461 1189 503 1260 ci)
528 1192 561 1251 ot
584 1189 811 1264 s’yxupsarum,
844 1192 881 1250 ut
903 1184 999 1272 Verg.
1025 1183 1116 1265 (Geo.
1140 1185 1171 1250 II
1196 1185 1252 1266 89)
1278 1209 1362 1264 „non
1386 1188 1498 1253 eadem
1522 1210 1570 1254 ar—

372 1292 502 1357 boribus
537 1292 653 1376 psudst
683 1292 846 1358 vindemia
877 1291 1029 1358 nostris''.
1061 1291 1227 1376 Sequitur:
1261 1291 1308 1372 (2)
1343 1295 1568 1378 „nostrarum”

373 1401 494 1464 civium
518 1397 658 1477 scilicet,
683 1398 715 1463 id
740 1403 788 1463 est
811 1405 914 1463 terrae
938 1419 974 1463 ao
998 1401 1120 1484 patriae
1142 1405 1287 1476 nostrae,
1312 1405 1349 1464 ut
1372 1399 1470 1486 Vsrg.
1495 1400 1570 1481 (1.1.)

373 1511 406 1570 et
426 1495 600 1569 Sallustius
625 1507 747 1583 „nostri
770 1503 861 1569 foeda
884 1504 984 1590 fuga’'
1010 1502 1096 1590 (Ing.
1123 1503 1176 1569 38.
1192 1503 1236 1586 7).

419 1612 481 1676 Pro
514 1632 551 1676 eo
582 1610 666 1696 quod
697 1613 730 1675 in
762 1609 851 1680 codd.
884 1616 932 1675 est
962 1633 987 1676 c.
1021 1617 1050 1674 et
1073 1610 1126 1676 vel
1149 1611 1177 1674 ri
1201 1617 1230 1675 et
1252 1610 1404 1676 Wessn.
1430 1615 1567 1678 coniecit

371 1717 479 1781 civium
502 1724 531 1781 ct
552 1710 606 1782 vel
625 1716 749 1795 saliret,
772 1717 827 1781 sed
848 1716 1014 1793 „civium”
1035 1719 1128 1781 iuxta
1147 1716 1402 1795 „obscenarum”
1424 1720 1581 1783 otiosum·

371 1831 428 1889 est.
460 1823 576 1889 Sabb.
602 1826 724 1908 sprevit
747 1824 804 1887 has
827 1822 988 1887 litterulas
1012 1822 1164 1907 deditque
1188 1813 1415 1899 „nostrarum”
1438 1825 1565 1904 ἐγχωρ.,

370 1930 455 1994 idem
487 1937 593 1994 tamen
626 1929 762 1994 alterum
787 1929 946 1993 scholium
971 1936 1100 2014 propter
1123 1928 1310 2015 exemplum
1332 1928 1480 1995 Sallustii
1503 1930 1566 1996 Do-

370 2042 463 2113 nato,
495 2038 554 2100 hoc
577 2037 735 2101 imitatori
757 2033 951 2121 adsignavit.
976 2034 1010 2100 Si
1034 2042 1143 2100 autem
1168 2035 1374 2100 Wessnerum
1397 2036 1564 2114 audimus,

370 2164 445 2207 cum
477 2140 636 2207 Graecum
670 2141 863 2207 vocabulum
895 2148 967 2206 tum
998 2140 1184 2227 exemplum
1213 2139 1361 2206 Sallustii
1387 2141 1563 2206 Aemilium

371 2247 511 2331 Asprum
543 2246 662 2313 Donati
692 2254 854 2312 auctorem
887 2247 1043 2332 produnt,
1076 2247 1160 2331 quod
1192 2249 1219 2311 si
1246 2261 1365 2312 'verum
1396 2253 1462 2325 cst,
1489 2269 1563 2312 eum

370 2355 532 2437 scripsisse
567 2356 727 2438 suspicor:
766 2352 931 2432 „scilicet”
968 2351 1020 2417 vel
1060 2353 1115 2430 „id
1149 2353 1219 2417 est’'
1255 2353 1488 2432 „lagenarum
1527 2360 1564 2419 ut

371 2458 533 2544 Vergilius
629 2465 660 2524 st
684 2458 857 2525 Sallustius
872 2507 878 2523 .
894 2506 901 2522 .
917 2459 958 2523 .''.
983 2458 1033 2522 Ex
1056 2458 1116 2524 hoc
1139 2458 1234 2542 pleno
1259 2459 1378 2524 scholio
1398 2467 1564 2546 excerptor

370 2564 487 2649 aliquis
511 2565 558 2646 (l)
582 2569 721 2651 sumpsit
744 2567 885 2629 initium
900 2567 1052 2629 omittens
1077 2563 1263 2648 exemplum
1285 2564 1435 2643 alterum,
1460 2565 1564 2651 qualis

370 2673 499 2735 omissio
529 2693 590 2736 non
622 2692 692 2735 raro
722 2673 943 2755 inposterum
968 2691 1001 2734 se
1024 2671 1114 2735 nobis
1138 2668 1255 2735 offeret.
1281 2670 1373 2734 Alius
1396 2675 1562 2758 magister,

275 2768 282 2780 '
368 2797 485 2862 nempe
506 2776 567 2853 IP,
600 2781 773 2861 utrumque
796 2775 982 2861 exemplum
1006 2776 1149 2853 rettulit,
1174 2777 1228 2840 scd
1251 2798 1340 2841 more
1363 2797 1421 2842 suo
1446 2777 1564 2843 Donati

370 2886 497 2947 textum
521 2885 675 2959 correxit,
699 2904 756 2968 pro
781 2883 895 2960 ἐγχωρ.
920 2882 1074 2966 praebens
1099 2885 1240 2959 „civium
1266 2882 1345 2960 soil„
1370 2883 1403 2947 id
1427 2891 1476 2948 est
1500 2893 1563 2950 tor-

368 3009 421 3052 rae
452 3009 488 3052 ac
518 2990 640 3072 patriae
669 2987 816 3053 nostras''
849 3009 905 3072 per
936 2987 1143 3074 dittologiam
1175 2987 1336 3074 duplicem
1368 2991 1454 3068 (cia,
1487 2995 1564 3057 terr.

369 3097 465 3179 patr.)
489 3097 567 3158 satis
590 3094 777 3174 absurdam,
802 3093 856 3158 sed
879 3093 1003 3158 homini
1026 3096 1199 3178 propriam.
1225 3093 1310 3158 Tum
1332 3095 1438 3180 igitur
1461 3103 1565 3161 statu-

369 3200 488 3265 endum
520 3206 586 3278 est,
617 3198 870 3288 Compilatorem
900 3207 1026 3285 praeter
1057 3183 1230 3265 editionem
1259 3199 1318 3277 IP,
1351 3200 1451 3266 aliam
1476 3202 1566 3267 adhi-

368 3307 474 3372 buisse
496 3309 531 3372 in
555 3328 617 3393 qua
640 3306 802 3392 legeretur
825 3320 1012 3392 excerptum
1036 3305 1093 3386 (1).

413 3413 445 3478 II
470 3414 500 3478 3.
515 3412 556 3479 37
581 3412 752 3480 Novistinl
775 3415 839 3479 Pa.
863 3412 991 3493 Quidni.
1390 3477 1395 3484 ,

414 3520 575 3598 „Quidni”
586 3524 741 3605 correptio
755 3527 803 3585 cst
815 3541 832 3584 a
845 3541 878 3584 se
891 3519 1060 3584 manifesta
1072 3521 1263 3602 quaerentis,
1274 3524 1323 3583 est
1334 3520 1421 3583 enim
1433 3539 1562 3584 sensus:

368 3625 468 3710 quid
493 3629 576 3690 nisi
599 3634 655 3692 aut
678 3649 749 3692 cur
773 3647 848 3691 non
873 3628 1077 3702 noverim,
1103 3664 1145 3674 —
1171 3633 1215 3688 est
1238 3625 1315 3688 enim
1335 3625 1486 3709 „quidet”
1509 3633 1564 3690 out

367 3732 466 3816 quid
487 3731 572 3794 nisi
596 3740 649 3796 cut
671 3755 738 3796 car
760 3754 850 3809 aon,
876 3769 918 3782 —
943 3733 1017 3817 quia
1041 3738 1163 3796 veteres
1189 3731 1265 3808 „ui”
1286 3753 1342 3816 pro
1364 3731 1447 3807 „ne”
1467 3752 1565 3818 pone-

366 3838 443 3902 bant
472 3842 504 3902 et
537 3838 618 3915 „ne”
650 3859 708 3922 pro
741 3837 857 3914 „non”‚
890 3842 927 3901 ut
949 3836 1086 3901 Plautus
1110 3836 1211 3916 (Meu.
1236 3835 1355 3915 Ι,,2.1)
1381 3839 1436 3914 „ni
1461 3835 1565 3901 stulta

367 3944 432 4008 sis’'
453 3965 510 4029 pro
531 3943 613 4021 „ne”
631 3943 653 4024 ¹)
674 3950 705 4009 st
726 3965 786 4020 „ns
807 3942 900 4009 vult”
922 3964 979 4028 pro
1001 3964 1084 4021 „non
1105 3941 1210 4008 vult”.
1279 3940 1323 4005 IV
1344 3940 1398 4007 4.7
1420 3939 1563 4022 „Quidni

400 4170 428 4234 1>
454 4171 520 4220 Serv.
542 4171 571 4219 ad
595 4171 653 4219 Aen.
677 4169 716 4219 III
739 4169 788 4218 686
809 4170 857 4218 rNi
873 4171 969 4218 teneant
986 4169 1086 4218 cursus”
1102 4168 1195 4232 antiqui
1216 4165 1271 4217 ·ni”
1289 4184 1333 4232 pro
1355 4165 1414 4216 -uc‘’
1431 4166 1562 4232 ponebant,

365 4268 412 4316 qus
428 4252 546 4317 particula
564 4252 647 4316 plenus
664 4256 700 4302 est
719 4252 819 4302 Plautus
839 4252 878 4301 „ni
894 4252 956 4301 mala
974 4252 999 4301 ni
1016 4251 1091 4300 stulta
1108 4249 1164 4300 sis”.
1184 4250 1252 4299 Unda
1270 4251 1315 4299 hoc
1332 4266 1346 4298 a
1360 4249 1443 4299 Servio
1456 4251 1563 4314 petitum

348 4331 397 4384 'sit
422 4335 490 4383 docet
516 4335 652 4384 Priscianus
675 4335 714 4384 III
731 4351 753 4398 p.
773 4336 813 4391 ol,
831 4334 946 4384 ubicitet
964 4333 1306 4398 verbsAenoidisadditqus:
1324 4333 1478 4397 quodetiam
1503 4334 1564 4381 Do-

366 4421 467 4466 natus
492 4417 526 4466 in
551 4420 744 4466 commento
772 4416 944 4466 aeneidos
968 4417 1070 4464 affirmat
1092 4415 1185 4464 dicans:
1212 4415 1252 4464 uui
1275 4430 1318 4479 pro
1336 4411 1563 4474 ue‚sicvetsrcs”,

364 4497 407 4548 ubi
431 4499 568 4548 Priscianus
593 4499 674 4548 omisit
698 4498 833 4564 exemplum
860 4497 1019 4556 Pliutinurn,
1045 4500 1073 4546 ut
1096 4497 1147 4545 iem
1173 4495 1307 4546 observavit
1332 4495 1553 4546 Ribbeckius
1583 4533 1588 4541 .
