3418 5392
352 363 395 430 42
872 379 1026 430 nonanus.

406 546 487 612 Ibid.
516 545 557 610 14
581 545 628 611 D:
653 545 701 628 (2)
727 545 888 634 „Ingratis
912 552 948 610 ut
971 546 1151 611 dormiam''
1175 547 1206 611 id
1232 553 1280 614 est
1298 550 1396 614 etiam
1417 550 1551 626 invitus,

357 655 483 736 [etiam]
516 658 653 719 coactus.
723 652 891 738 Sequitur:
924 651 972 734 (3)
1003 653 1086 718 Nam
1120 653 1297 740 „ingratis”
1328 677 1406 721 nou
1438 655 1552 721 ultro

360 759 539 845 significat,
559 762 634 844 quia
652 759 797 826 ultronea
820 765 958 845 grata,
982 761 1153 845 ingrata
1176 782 1256 846 quae
1279 762 1317 826 ab
1336 764 1451 827 invitia
1470 762 1552 827 fiunt

359 871 416 932 aut
438 867 668 932 recusantibus,
738 864 902 931 Scholium
927 864 1019 931 valde
1043 873 1237 951 suspectum.
1419 868 1453 934 S.
1478 890 1505 934 c.

401 971 483 1036 Ibid.
514 970 615 1052 18(3)
648 971 741 1049 „Stat
769 971 947 1036 senteutia'’
978 976 1010 1036 et
1040 971 1136 1037 vultu
1160 978 1192 1036 et
1214 980 1309 1059 gestu
1334 977 1441 1060 magis
1464 996 1550 1060 spec-

361 1076 460 1142 tabile
491 1077 571 1156 (soil.
603 1077 652 1157 dt)
684 1076 768 1163 quod
800 1077 882 1141 dixit
913 1083 998 1155 „stat
1020 1078 1208 1144 sententia''.
1255 1081 1302 1161 (4)
1325 1078 1384 1145 Vel
1408 1083 1550 1146 maxime

357 1205 412 1260 oo,
446 1183 529 1268 quod
561 1189 650 1248 tanto
680 1184 787 1248 sonitu
817 1183 877 1248 hoc
907 1183 945 1248 da
969 1203 1002 1248 se
1026 1186 1196 1268 promittat
1217 1185 1375 1251 Phaedria
1398 1189 1548 1251 continuo

359 1289 521 1354 rediturus
557 1288 610 1354 vel
640 1291 747 1374 potius
775 1311 837 1354 non
861 1309 1044 1356 accessurus
1067 1290 1106 1355 ad
1129 1289 1252 1356 villam.
1277 1290 1417 1356 Tantum
1441 1298 1550 1357 autem

362 1396 480 1473 aberit,
505 1401 662 1480 quantum
687 1417 766 1480 opus
791 1402 838 1460 est
862 1395 900 1460 ad
924 1395 1103 1461 vitiandam
1126 1399 1297 1483 virginem.

404 1501 487 1580 Quid
516 1501 699 1586 significant
730 1502 843 1566 rerba:
876 1500 955 1579 „Vol
980 1504 1121 1566 maxime
1145 1500 1224 1568 eo”l
1254 1503 1370 1569 Sabb.
1395 1504 1474 1570 haec
1498 1504 1551 1570 ad-

354 1610 498 1693 signavit
520 1606 761 1693 Interpolatori,
786 1629 882 1692 quem
906 1608 938 1674 h.
955 1607 977 1674 l.
1003 1608 1063 1689 (Ill
1085 1630 1116 1694 p.
1143 1607 1222 1689 341)
1244 1609 1385 1695 appellat
1409 1611 1456 1689 „il
1478 1633 1550 1677 cou-

354 1715 546 1780 tinuatore’'.
577 1713 661 1778 Tum
686 1717 730 1779 sio
753 1713 967 1799 supplendum
992 1721 1057 1780 est:
1082 1714 1142 1779 Vel
1165 1715 1249 1801 quod
1269 1716 1352 1781 dixit
1377 1724 1463 1795 „stat
1483 1739 1547 1784 een·

353 1821 475 1885 tentia''
496 1823 637 1884 maxime
657 1840 693 1884 eo
714 1819 751 1884 lit
770 1818 940 1905 spectabile
960 1819 1055 1904 quod,
1074 1825 1148 1886 cett.
1184 1819 1218 1885 Si
1231 1808 1308 1887 haec
1321 1828 1368 1886 est
1380 1825 1549 1901 sententio,

352 1924 566 2010 Interpolator
597 1925 792 1990 adiectirum
821 1924 1033 2009 „spectabile”
1059 1925 1120 1992 alio
1140 1947 1232 1991 sensu
1259 1931 1429 2013 usurpauit
1453 1949 1550 2014 quam

353 2031 435 2096 Dou.
466 2034 500 2095 iu
533 2030 586 2109 (3).
620 2029 682 2096 Hic
714 2033 799 2096 enim
832 2030 914 2096 dixit
944 2039 1039 2116 gestu
1071 2042 1103 2097 et
1133 2053 1212 2098 roca
1235 2038 1364 2098 auctam
1387 2055 1455 2100 esse
1479 2038 1548 2102 vim

356 2137 576 2202 affirmationis
601 2143 687 2214 „stat
709 2135 824 2214 sent.'’,
848 2135 905 2202 illo
928 2143 1054 2215 contra,
1078 2137 1320 2205 affirmationem
1346 2161 1383 2205 eo
1407 2143 1549 2207 maxime

355 2243 578 2309 admirabilem
610 2249 642 2308 et
671 2245 890 2328 importunam
921 2265 1007 2321 ease,
1042 2245 1125 2329 quod
1149 2244 1306 2311 Phaedria
1328 2248 1481 2312 contiuuo
1505 2268 1550 2312 re-

354 2348 481 2414 diturus
504 2351 565 2426 sit,
589 2356 663 2414 cett.
688 2349 812 2415 Donato
835 2370 909 2415 sane
932 2351 992 2416 hoc
1016 2348 1278 2437 supplementum
1301 2351 1369 2417 dari
1391 2355 1514 2438 nequit.

398 2455 480 2519 Ibid.
505 2454 546 2518 21
572 2456 680 2542 Magis
704 2476 834 2520 severus
858 2458 1027 2540 quisquam
1051 2477 1107 2520 neo
1131 2459 1236 2542 magis
1258 2460 1424 2540 continens

400 2560 481 2626 Don.
514 2560 563 2642 (2)
598 2561 826 2626 Animadverte
862 2567 899 2625 ut
933 2568 1020 2626 amet
1055 2560 1223 2627 Terentius
1255 2564 1402 2649 „magis”
1434 2562 1549 2628 addere

355 2671 496 2753 positivo
533 2688 629 2752 quam
661 2670 919 2756 comparativum
951 2666 1061 2734 facere.
1153 2668 1204 2733 ΙΡ
1233 2671 1333 2734 otiose
1363 2671 1548 2735 subiunxit:

356 2774 404 2854 (3)
436 2775 521 2840 Nam
544 2795 646 2859 neque
672 2774 854 2851 „severior”
880 2795 982 2858 neque
1006 2776 1262 2852 „continentior”
1287 2782 1354 2841 tam
1378 2774 1484 2842 voluit
1506 2776 1550 2841 di·

356 2901 425 2947 cere
446 2901 542 2965 quam
565 2882 692 2966 „magis
711 2879 883 2946 severum''
903 2884 936 2945 et
958 2883 1083 2967 „magis
1102 2881 1351 2947 continentem”.
1433 2882 1456 2950 S
1477 2905 1503 2949 c.

401 2984 485 3053 (lum
514 2987 565 3052 his
597 3007 746 3071 compara
778 2985 859 3050 V4.
875 2986 917 3051 12
930 3007 975 3070 sq.
1009 2986 1122 3063 „Nihil
1147 2986 1275 3053 videtur
1299 2989 1468 3068 mundius,
1493 3010 1549 3055 neo

355 3095 461 3178 magis
482 3095 696 3177 compositum
720 3095 909 3178 quicquam,
935 3114 991 3158 neo
1015 3095 1120 3179 magis
1144 3093 1306 3180 elegans”,
1331 3095 1389 3160 ubi
1406 3094 1487 3161 Don.
1510 3095 1548 3161 ad

355 3221 403 3265 rs.
428 3197 486 3263 13:
512 3199 601 3264 Bona
618 3201 770 3276 varietas,
792 3220 830 3264 ne
850 3198 968 3263 diceret
990 3198 1242 3284 „compositius”
1256 3207 1313 3265 aut
1326 3199 1549 3286 „elegantius”

355 3327 444 3371 more
469 3327 544 3384 suo,
569 3311 607 3370 ut
631 3326 726 3390 supra
749 3304 793 3385 (ΙΙ
820 3304 930 3384 1.21).
954 3304 1002 3368 ΙΡ
1026 3312 1135 3370 autem
1159 3312 1233 3390 post
1257 3306 1365 3383 „Bona
1389 3307 1547 3373 varietas''

353 3414 415 3477 hoc
437 3413 589 3476 inseruit:
612 3412 695 3476 Nam
720 3432 777 3476 nec
801 3415 908 3476 omnia
932 3432 988 3496 per
1013 3413 1118 3497 magis
1142 3411 1329 3477 adverbium
1352 3413 1474 3498 profert
1492 3434 1548 3479 nec

354 3520 463 3583 omnia
485 3538 540 3602 per
564 3519 820 3600 comparativum
842 3517 990 3603 gradum.
1024 3515 1072 3582 Of.
1097 3520 1195 3582 etiam
1218 3518 1245 3582 V
1270 3517 1302 3582 8.
1316 3517 1358 3585 47
1376 3519 1437 3600 (2),
1461 3541 1547 3606 repe-

224 3667 230 3680 ·
354 3625 427 3688 titio
452 3624 599 3708 magistri
623 3621 759 3686 alicuius
782 3643 821 3686 ex
844 3621 997 3689 hocloco
1022 3623 1164 3688 oriunda.

400 3728 481 3792 Ibid.
504 3727 547 3792 25
560 3727 607 3808 (2)
632 3727 673 3791 Et
696 3729 761 3792 iam
787 3731 985 3814 praeparatio
1007 3733 1056 3794 est
1074 3729 1114 3794 ad
1134 3728 1353 3796 deducendum
1373 3728 1548 3798 Chaeream

354 3837 489 3919 (potius)
513 3854 611 3918 quam
634 3833 809 3899 deformem
834 3835 1028 3900 eunuchum.

401 3939 499 4006 Nulla
522 3943 556 4004 iu
581 3940 639 4005 hoc
664 3961 760 4006 versu
780 3944 979 4027 praeparatio
999 3947 1047 4007 est
1066 3941 1280 4008 substituendi
1299 3940 1472 4009 Chaeream
1493 3966 1548 4030 pro

354 4049 510 4114 eunucho.

401 4259 433 4324 Π
456 4258 578 4338 2.1(3)
610 4259 808 4325 Admirantis
838 4259 1028 4326 exclamatio
1056 4267 1129 4326 cett.
1169 4261 1248 4326 Ibid.
1275 4261 1351 4340 4(3)
1374 4261 1549 4349 Eleganter

354 4386 394 4431 ex
414 4387 562 4452 persona,
584 4373 658 4431 cett.
728 4366 845 4432 Sabb.
867 4367 1049 4453 Utrumque
1069 4366 1360 4434 inclinatislitteris
1373 4373 1546 4456 expressit;

352 4472 439 4538 haud
463 4475 527 4538 scio
550 4492 590 4537 an
612 4474 719 4539 miuus
741 4476 836 4541 iuste.
