3418 5392
671 366 829 417 nouenos.
1306 355 1351 421 29

155 531 265 600 Oioero
285 527 405 615 matii.
428 532 445 597 I
469 530 502 612 1)
535 552 654 617 „quam
685 531 742 596 diu
773 535 872 598 etiam
901 533 989 599 furor
1012 535 1075 598 ieta
1097 539 1174 599 tuus
1198 535 1349 602 eludetl’'

154 638 206 704 Sie
230 639 313 706 Don.
338 638 492 724 Sequitur
515 636 563 718 (3)
588 637 770 714 „illudere”
786 635 844 704 ¹est
866 637 963 704 finem
987 637 1065 704 ludo
1088 642 1263 726 imponere.

154 744 243 810 Haeo
274 743 483 831 significatio,
516 741 645 808 aliunde
677 764 742 808 non
771 746 918 830 cognita,
941 744 1015 809 fieta
1038 745 1168 811 videtur
1190 748 1230 812 ab
1253 747 1353 813 Inter-

153 849 314 936 polatore,
346 849 385 914 de
416 851 507 914 ouius
530 847 621 913 falsis
644 848 819 913 verborum
843 848 1083 942 definitionibus
1105 851 1181 916 vide
1203 853 1351 938 exempla

154 956 194 1021 ad
224 955 383 1021 Andriam
413 958 447 1020 in
477 954 601 1020 Mnem.
625 953 671 1019 l.l.
697 976 728 1040 p.
753 954 898 1040 2l9sqq.
922 956 1037 1022 Posuit
1058 957 1140 1024 hene
1162 963 1352 1026 eerreetiun·

154 1061 261 1127 oulam
285 1065 377 1127 iuxta
401 1059 501 1127 sehol.
527 1060 607 1126 Don.
632 1059 691 1142 (2).
1220 1064 1252 1132 S.
1277 1088 1303 1133 o.

196 1168 307 1233 Etiam
329 1169 455 1232 uncinis
478 1165 596 1252 inclusi
621 1165 880 1232 additamentum
902 1171 1052 1255 ineptum
1074 1171 1107 1234 in
1131 1171 1190 1253 (2).

198 1274 280 1342 Ibid.
305 1273 349 1338 20
372 1273 484 1359 ligone
506 1270 616 1351 illam,
641 1292 723 1358 qnae
746 1271 861 1352 illum,
886 1295 967 1360 quae
991 1296 1060 1353 me,
1084 1296 1166 1360 quae
1189 1298 1252 1343 non
1277 1275 1349 1344 ...l

154 1379 230 1446 Sine
254 1377 369 1447 modol

196 1486 245 1567 (l)
276 1485 461 1552 Familiaris
493 1483 634 1565 ἔλλειψις
655 1486 885 1564 irascentibus3
912 1524 955 1535 —
979 1507 1055 1551 nam
1079 1487 1208 1573 singula
1230 1491 1276 1554 sio
1299 1510 1352 1554 ex-

151 1591 298 1678 plentur:
324 1611 447 1679 „egone
469 1589 582 1656 illam’'
603 1612 666 1656 non
686 1589 830 1669 uloieoar,
853 1613 956 1677 „qnae
973 1591 1094 1658 illum”
1112 1597 1249 1680 reoepit,
1270 1615 1350 1681 quae

152 1720 205 1764 me
235 1697 427 1777 „exolusit'’,
462 1717 564 1783 „quae
594 1695 680 1762 non’'
713 1696 844 1762 admisit
868 1735 910 1746 —
934 1701 1056 1765 etenim
1088 1708 1193 1777 (neo)
1223 1721 1350 1766 neeesse

154 1804 249 1870 habet
271 1825 329 1870 neo
352 1809 459 1890 potest
481 1801 641 1888 eomplere
664 1805 857 1882 orationem,
880 1807 938 1889 qui
961 1810 993 1869 et
1017 1825 1125 1869 seonm
1147 1803 1295 1890 loquitur
1317 1812 1350 1870 et

155 1909 261 1975 dolore
292 1916 439 1975 vexatur.
464 1947 505 1958 -
530 1907 578 1989 (2)
608 1908 693 1974 Nam
717 1914 803 1973 amat
827 1910 1056 1984 ἀποσιωπήσεις
1080 1912 1180 1975 nimia
1202 1910 1350 1995 indigna-

154 2017 216 2094 tio,
242 2051 284 2064 -
308 2022 348 2081 ut
372 2014 467 2102 Verg.
500 2013 631 2095 (1135)
663 2014 770 2094 „Quos
801 2035 862 2101 ego
887 2012 958 2081 ...l
990 2015 1046 2081 sed
1076 2024 1180 2082 motos
1210 2023 1351 2103 praestat

154 2142 344 2207 componere
367 2119 518 2186 fluetus'’.

197 2227 341 2294 Lineolis
371 2226 490 2293 inclusi
520 2225 599 2290 duas
629 2223 889 2311 interpolationes
920 2226 981 2304 IP,
1012 2229 1147 2292 insertae
1179 2249 1236 2313 per
1259 2251 1349 2306 nom,

155 2355 215 2420 quo
237 2335 323 2401 faoto
348 2335 533 2400 restituitur
556 2353 659 2396 unum
683 2331 801 2397 Donati
824 2332 982 2398 scholium
1007 2337 1207 2400 continuum.
1231 2334 1270 2401 D.
1292 2356 1349 2400 neo

155 2441 211 2507 hoe
233 2441 303 2508 loeo
326 2439 470 2506 Terentii
493 2437 644 2523 explendi
661 2459 815 2504 eenamen
835 2439 929 2517 feeit,
949 2460 1051 2525 neque
1071 2439 1168 2505 Andr.
1189 2440 1205 2505 l
1226 2440 1347 2517 1.138,

154 2550 208 2632 qui
229 2547 320 2613 loeus
343 2549 463 2612 nitatur
486 2565 505 2610 a
527 2543 639 2611 Servio
663 2544 702 2610 ad
726 2546 804 2610 Aen.
829 2544 888 2623 1.1.,
912 2546 969 2611 uhi
992 2545 1123 2611 Servius
1146 2554 1271 2632 praeter
1295 2547 1348 2612 ad-

153 2655 352 2718 notationem
381 2673 398 2718 e
429 2649 555 2719 Oomm.
586 2649 705 2716 Donati
735 2648 930 2737 Vergiliano,
963 2653 1063 2717 etiam
1087 2652 1349 2738 supplementum

153 2757 280 2824 aliunde
323 2761 436 2824 oitavit
478 2757 723 2838 („subauditur:
760 2755 917 2823 uloisoar”
949 2763 1050 2837 cett).
1097 2757 1135 2822 In
1169 2758 1346 2844 supplendo

152 2872 299 2930 nostrum
317 2864 428 2929 lorum
446 2866 492 2929 sio
510 2862 591 2927 lusit
609 2862 792 2927 Priscianus
815 2862 869 2930 vel
887 2866 1024 2948 isquam
1036 2865 1191 2949 sequitur,
1204 2864 1252 2929 111
1265 2864 1345 2929 111:

154 2969 284 3057 „ligone
314 2969 429 3034 illum”
459 2969 575 3055 digner
610 2969 751 3034 adventu
775 2989 864 3047 meo,
891 2990 993 3054 „quae
1017 2968 1137 3033 illum”
1161 2973 1347 3056 praeposuit

152 3076 248 3154 mihi,
275 3095 379 3160 ,quae
404 3074 476 3139 me’'
502 3095 563 3138 non
589 3075 728 3158 suseepit
750 3073 830 3138 heri.

195 3180 312 3247 Sabb.
345 3200 512 3267 perperam
542 3178 672 3244 seclusit
703 3177 838 3244 alteram
869 3178 1064 3245 scholiorum
1096 3184 1238 3265 partem,
1272 3178 1345 3243 inde

151 3288 189 3353 ab
213 3285 379 3364 „etenim”
404 3307 504 3372 usque
527 3285 568 3350 ad
591 3284 742 3352 fluetus''.
937 3295 939 3300 '

194 3391 336 3459 Attende
375 3392 435 3458 hoo
474 3388 662 3476 exemplum
695 3390 972 3477 interpolationis,
1006 3393 1058 3456 oni
1089 3390 1196 3456 multa
1225 3388 1345 3456 similia

150 3500 240 3565 nobis
270 3505 452 3577 occurrent,
484 3518 559 3562 oum
587 3495 810 3582 supplemento
835 3500 939 3562 textui
962 3500 1149 3562 inseruntur
1171 3518 1229 3582 per
1251 3498 1348 3581 parti-

150 3605 238 3671 culas
260 3628 343 3681 nom,
368 3606 436 3683 aed,
460 3610 520 3670 eto.

190 3711 263 3778 lbid
288 3710 333 3776 28
356 3709 398 3775 Et
421 3708 560 3795 prudens
583 3710 703 3784 sciens,
728 3710 824 3774 vivus
848 3708 1023 3796 vidensque
1046 3730 1141 3794 pereo

191 3819 240 3899 (l)
271 3817 359 3883 Mire
381 3821 414 3881 et
435 3837 518 3883 nove
543 3817 662 3894 „vivus
685 3815 800 3899 pereo’'
827 3852 869 3862 -
894 3819 926 3880 et
952 3815 1089 3901 „pereo”
1114 3817 1159 3879 sie
1184 3816 1283 3892 dixit,
1308 3817 1346 3876 ut

146 3923 373 4011 intelligamus
395 3921 575 3999 oooidor,
600 3926 633 3986 et
657 3919 797 3998 „vivus”
821 3922 915 4004 quasi
938 3923 1063 4008 sapiens
1084 3927 1116 3984 et
1136 3923 1287 3986 sentiens.
1302 3953 1344 3967 -

146 4030 195 4112 (2)
216 4031 301 4096 Bene
320 4028 443 4094 addidit
464 4025 630 4106 „videns’',
652 4061 694 4074 —
715 4045 789 4091 nam
813 4027 952 4103 „vivus”
973 4028 1057 4112 perit·
1076 4027 1175 4090 etiam
1198 4027 1254 4110 qni
1277 4022 1347 4088 dor·

145 4140 249 4203 miens
273 4138 479 4222 opprimitur,
510 4131 665 4212 „videns”
691 4138 801 4196 autem
825 4134 881 4216 qni
905 4131 1046 4219 vigilans
1070 4133 1138 4197 vim
1161 4133 1285 4215 patitur
1308 4134 1347 4194 ut

144 4249 262 4328 pereat.
291 4277 335 4290 —
358 4241 407 4321 (3)
427 4259 503 4305 nam
523 4235 674 4317 „videre”
695 4257 752 4322 pro
773 4235 910 4322 vigilare
930 4239 1055 4323 posuit,
1076 4238 1224 4301 utetiam
1237 4234 1345 4322 Verg„

143 4370 217 4415 oum
254 4348 293 4412 de
329 4345 437 4412 Sileno
470 4345 548 4410 dioit
582 4342 633 4423 (Il.
658 4340 782 4421 V121)
808 4344 972 4428 ,iamque
1003 4341 1127 4409 videnti
1158 4343 1345 4427 sanguineis

141 4454 285 4520 frontem
309 4454 410 4518 moris
432 4459 464 4517 et
489 4458 633 4535 tempora
658 4444 799 4534 pingit'’.
