3418 5392
325 345 371 412 ,88
829 361 1004 420 scurrus.

318 531 372 596 ,111
402 528 568 615 Pythiam.
651 526 818 594 Obstinate
844 527 961 600 Editor
988 528 1174 615 obloquitur
1191 526 1326 604 *scholiis
1349 529 1525 607 commenti

327 639 384 701 ant
407 634 502 721 fingit
526 634 732 701 ratiunculas.

373 846 409 912 V.
435 843 500 913 3.7
537 847 642 924 „Nam
675 845 725 912 illi
757 846 848 912 taveo
880 845 1024 932 virgini’
1056 848 1148 932 qnasi
1171 845 1280 921 dicat:
1314 845 1388 925 „illi
1411 846 1521 925 faveo,

326 974 388 1018 non
412 951 584 1031 Chaereae,
612 958 644 1018 st
667 951 767 1017 simul
791 972 886 1017 cansa
909 956 957 1018 est
977 973 1034 1017 cur
1052 951 1149 1017 illum
1169 950 1281 1018 ulcisci
1299 955 1427 1039 cupiat,
1448 955 1523 1038 qnia

326 1058 448 1124 scilicet
479 1057 623 1122 multum
653 1056 704 1122 illi
733 1057 830 1124 favet.
923 1057 1062 1122 Minime
1093 1079 1223 1139 vernm;
1256 1060 1290 1123 in
1321 1059 1380 1123 hac
1411 1079 1521 1124 scaena

327 1164 461 1249 Pythias
484 1184 546 1228 non
570 1162 608 1228 de
633 1159 774 1232 Chaerea
795 1162 850 1228 sed
875 1161 913 1228 de
937 1163 1135 1228 Parmenone
1158 1162 1341 1229 ulciscendo
1364 1165 1497 1249 cogitat.

355 1269 452 1336 ¹Ibid.
477 1269 518 1334 10
554 1269 654 1347 „Vide
674 1275 712 1334 ut
731 1271 851 1334 otiosus
871 1268 918 1333 it'
940 1268 1034 1348 (Don.
1057 1270 1167 1351 ‚,sit'’).
1256 1268 1523 1350 (1)1nvidet,ilti

326 1378 548 1453 securitatem,
582 1397 678 1461 quem
707 1374 885 1441 sollicitum
908 1374 1073 1440 redditura
1096 1379 1154 1441 est.
1247 1375 1412 1459 Sequitur,
1438 1373 1522 1460 quod

319 1486 466 1549 otiosum
485 1483 615 1548 videtur
634 1481 908 1548 additamentum:
934 1480 1007 1547 Non
1027 1484 1113 1546 enim
1135 1483 1197 1546 erit
1217 1480 1284 1547 ulla
1303 1480 1367 1546 alia
1379 1480 1523 1548 vindicta

326 1593 398 1674 post
419 1597 543 1674 praeter
564 1589 672 1653 istam.
742 1586 904 1652 Particula
929 1587 1058 1664 „enim”
1082 1589 1204 1652 ratione
1226 1591 1323 1652 caret.

370 1694 452 1759 Ibid.
486 1693 525 1759 11
563 1693 682 1778 „Spero
713 1713 766 1758 me
797 1692 935 1758 habere'’
969 1692 1018 1774 (l)
1049 1713 1106 1777 pro
1136 1692 1336 1758 habiturum.
1374 1693 1423 1774 (2)
1455 1693 1522 1770 Aut

327 1799 460 1886 „spero”
496 1821 553 1885 pro
589 1798 712 1864 oredo
747 1820 836 1865 more
870 1820 940 1864 sno.
1011 1799 1120 1878 „Ant”
1154 1801 1277 1864 ratione
1309 1803 1413 1877 caret,
1447 1819 1522 1864 nam

327 1905 460 1991 „spero”
493 1903 704 1970 nihilominus
735 1909 880 1989 posceret
908 1903 1108 1970 infinitivum
1140 1889 1258 1984 futura
1290 1904 1387 1969 refert
1411 1910 1522 1969 autem

325 2011 385 2076 Ed.
408 2008 573 2076 Donatum
603 2010 642 2076 ad
673 2009 689 2074 Ι
721 2007 895 2090 2.123(1)
925 2009 1018 2076 Nove
1049 2010 1184 2096 „spero”
1217 2030 1275 2095 pro
1307 2008 1444 2089 „credo’f
1468 2008 1521 2076 vel

328 2115 504 2197 ‚‚confido”.
619 2178 621 2184 .

372 2325 401 2394 V
425 2327 456 2393 4.
471 2327 502 2393 4.
527 2327 576 2410 (3)
611 2327 891 2407 „Difficillimum”
923 2330 999 2414 quia
1023 2349 1063 2407 „a
1085 2327 1404 2395 meretrioeavara''.
1439 2326 1522 2410 5(2)

330 2432 583 2513 „Carissimum”
616 2435 692 2519 quia
716 2435 899 2520 „virginem
923 2454 1020 2518 quam
1044 2433 1204 2499 amabat’'.
1297 2433 1367 2498 Iam
1390 2433 1441 2499 bis
1462 2434 1522 2499 hoc

326 2540 619 2606 additamentorum
639 2559 742 2625 genus
761 2541 873 2605 notavi
891 2537 938 2603 III
958 2538 1024 2605 4.4
1044 2563 1076 2626 p.
1095 2538 1161 2612 214
1182 2544 1214 2604 et
1234 2537 1278 2604 IV
1290 2539 1322 2604 4.
1336 2536 1379 2603 54
1397 2561 1429 2628 p.
1444 2538 1520 2606 224.

370 2644 496 2711 1111118
533 2644 590 2724 „ld
612 2665 687 2710 vero
711 2645 778 2710 sst”
804 2644 852 2726 (l)
878 2643 1001 2721 „Vero”
1027 2647 1090 2709 nisi
1114 2646 1300 2712 ornativum
1323 2650 1415 2723 esset,
1440 2645 1522 2711 nihil

326 2750 531 2838 signiticaret.
619 2749 723 2816 Aliter
746 2749 828 2816 Don.
854 2749 880 2815 V
904 2749 936 2816 2.
950 2749 992 2815 55
1018 2751 1056 2816 de
1079 2751 1177 2815 huius
1202 2750 1378 2838 particulae
1402 2750 1522 2839 signifi·

323 2858 512 2926 rationibus.

371 2961 451 3027 Ibid.
484 2961 523 3026 11
562 2959 666 3044 „Sum
695 2962 902 3048 cognoverit'
936 2960 984 3043 (2)
1011 2961 1161 3034 Suaviter
1184 2983 1247 3028 non
1271 2962 1442 3040 „noverit”
1466 2961 1521 3028 sed

327 3066 553 3154 „cognoverit”
578 3067 678 3147 dixit,
710 3067 795 3152 qnod
818 3071 867 3132 est
889 3066 981 3152 plene
1005 3088 1040 3133 ac
1062 3070 1227 3153 perspicue
1251 3070 1386 3134 noverit.
1457 3068 1518 3133 Vix

324 3175 522 3260 genuinnm3
555 3173 715 3258 praecedit
739 3174 825 3238 enim
851 3173 1020 3251 „noscere”
1045 3194 1094 3239 vs.
1122 3173 1164 3238 10
1188 3173 1297 3238 eodem
1323 3173 1516 3260 significatu.

372 3278 453 3343 Ibid.
481 3277 583 3360 12(3)
606 3279 690 3344 Nam
713 3299 770 3344 neo
795 3280 904 3344 omnia
927 3299 983 3363 per
1008 3279 1155 3364 „magis”
1182 3278 1373 3345 adverbium
1398 3279 1518 3366 profert

325 3405 382 3450 nec
406 3386 513 3450 omnia
532 3405 588 3469 per
607 3385 863 3469 comparativum
882 3383 1031 3470 gradum.
1102 3381 1181 3450 Vide
1201 3405 1298 3471 snpra
1317 3384 1357 3450 ad
1376 3383 1408 3449 Il
1429 3384 1459 3450 1.
1473 3384 1513 3450 21

324 3511 355 3576 p,
381 3488 435 3554 38.

370 3593 452 3659 Ibid.
478 3591 520 3661 17
556 3593 624 3674 Quo
647 3597 737 3679 pacto
760 3614 800 3659 ex
823 3596 893 3660 iure
915 3594 1063 3662 hesterno
1086 3616 1201 3682 panem
1224 3601 1332 3662 atrum
1356 3601 1471 3662 vorent

369 3699 417 3781 (1)
443 3698 534 3778 „Ex”
558 3719 727 3784 procum
750 3702 894 3784 positum
917 3706 975 3767 est.
1045 3701 1093 3784 (2)
1112 3703 1179 3768 Ant
1199 3701 1285 3768 deest
1306 3701 1514 3781 „madidum”

323 3810 380 3871 aut
412 3805 652 3882 „maceratum”
685 3810 742 3870 aut
774 3804 1018 3887 „emollitum”;
1043 3828 1119 3873 nam
1142 3813 1274 3892 apparet
1297 3814 1330 3873 et
1353 3807 1516 3874 sordidum

323 3931 408 3988 esse,
438 3913 514 3996 quia
536 3912 580 3975 sit
602 3916 707 3989 ater,
732 3916 764 3976 ct
787 3911 905 3976 durum
923 3914 1051 3998 utique,
1077 3915 1133 3998 qui
1157 3934 1201 3978 ex
1223 3916 1311 3979 iure
1335 3914 1516 3980 hesterno

328 4017 371 4081 sit
403 4015 626 4086 comedendus.
658 4013 720 4082 Oui
750 4018 947 4082 contrarium
977 4016 1149 4084 Sallustius
1181 4021 1290 4105 posuit
1313 4019 1366 4099 (cf.
1389 4039 1457 4086 var.
1481 4017 1517 4100 1.)

323 4119 361 4186 ds
383 4120 507 4187 deliciis
531 4120 676 4187 militnm
699 4119 831 4205 loquens
857 4142 992 4207 „panem
1015 4125 1049 4187 in
1072 4123 1140 4190 dies
1163 4123 1319 4189 mercari''
1343 4127 1460 4210 inquit.

369 4225 416 4306 (3)
444 4227 587 4305 „Panem
610 4232 717 4293 atrum
741 4228 888 4293 hesterno
912 4249 951 4294 en
975 4229 1079 4308 iure’',
1104 4234 1142 4296 ut
1165 4229 1297 4314 quidam
1317 4229 1448 4310 volunt,
1472 4251 1518 4295 ex

321 4334 588 4418 'antiquitate
610 4333 824 4399 mucidum
848 4335 1033 4420 accipimus.

368 4436 593 4524 Interpretatio
612 4437 740 4525 triplex.
760 4437 897 4506 Deditne
921 4439 1001 4506 Don.
1022 4440 1070 4523 (l)
1089 4444 1123 4507 et
1140 4439 1224 4513 nihil
1243 4439 1400 4529 amplius,
1417 4441 1509 4527 idque
