3294 5386
353 343 399 412 78
876 362 1033 412 noxum

352 550 418 594 non
447 533 555 612 potest
585 529 696 591 amitti
717 526 804 612 quod
826 527 971 592 nondum
991 535 1160 614 acceptum
1182 535 1242 595 est
1289 532 1424 601 Addidit
1448 538 1547 604 alter:

353 635 403 714 (2)
433 635 486 698 An
514 635 592 718 qnia
620 632 814 697 iamdudum
844 643 1015 720 sumptum
1044 642 1105 700 est.
1173 635 1300 702 lnsnlsa
1322 640 1490 708 cavillatio
1514 646 1549 710 ad

352 741 404 816 id,
428 738 516 825 quod
538 738 622 803 Don.
646 752 810 823 postremo
832 738 925 803 dixit.

398 846 481 911 Ibid.
507 843 549 910 17
585 845 731 909 Militem
755 867 866 910 secum
888 846 928 909 ad
952 853 984 910 te
1006 853 1141 931 quantas
1163 851 1270 934 copias
1292 851 1474 919 adduceret

398 954 448 1034 (l)
469 952 605 1035 Proprie
623 951 707 1015 dixit
727 952 890 1036 ‚copixs'’,
910 972 987 1016 nam
1004 955 1050 1016 sic
1069 951 1221 1018 dicuntur
1238 953 1384 1042 legiones
1401 962 1435 1023 in
1449 981 1549 1027 unum

352 1058 516 1125 collectae.
540 1055 700 1122 Convenit
723 1072 832 1121 tamen
854 1057 928 1120 rudi
950 1068 984 1121 et
1005 1062 1125 1124 rustico
1148 1058 1346 1126 adulescenti
1368 1085 1425 1128 sex
1449 1065 1550 1132 homi·

353 1187 410 1231 nes
430 1165 580 1250 „copies”
599 1163 721 1228 dicere:
741 1162 894 1240 militem,
913 1167 1110 1249 parasitum,
1127 1164 1310 1251 Syriscum,
1322 1167 1548 1252 Simalionem,

353 1271 506 1358 Sangam.

398 1379 438 1442 ln
474 1376 576 1442 altera
612 1381 704 1461 parte
739 1376 836 1440 sudio
870 1375 1020 1460 equidem
1049 1375 1101 1440 IP
1133 1379 1348 1464 corrigentem
1383 1380 1547 1449 Donstnn

353 1483 536 1565 (damen)
558 1485 683 1547 ratione
705 1501 823 1567 parum
845 1481 1015 1567 probabili

399 1590 481 1655 ibid.
504 1588 549 1654 20
579 1588 650 1666 hh,
674 1595 785 1652 metuo
809 1587 939 1673 qualem
961 1593 999 1652 tu
1018 1609 1072 1653 me
1089 1609 1158 1654 esse
1176 1589 1343 1657 hominem
1361 1596 1530 1662 existimes
1590 1591 1592 1596 ’

400 1695 500 1760 Don.:
526 1694 576 1774 (2)
598 1692 735 1757 Videtur
755 1694 863 1757 ebrius
882 1693 986 1757 ectus
1009 1693 1063 1758 hic
1081 1691 1235 1760 Chremes
1254 1702 1310 1775 (sc.
1331 1701 1440 1783 quiin
1460 1700 1546 1766 1113

354 1800 509 1866 Thaidem
534 1799 716 1884 spernebat)
737 1800 803 1862 ism
826 1801 925 1862 etiam
947 1797 1115 1883 displicere
1138 1799 1223 1866 nolle
1248 1801 1388 1868 mulieri.
1443 1805 1548 1871 Nimis

355 1910 496 1972 otiosum
528 1913 576 1970 est
607 1904 692 1989 quod
722 1904 782 1968 Ed.
813 1904 956 1968 addidit:
986 1905 1071 1969 Nam
1093 1905 1213 1971 idcirco
1235 1908 1356 1973 fatetur
1379 1931 1413 1974 se
1437 1914 1547 1978 timere

354 2012 475 2078 malam
510 2011 549 2077 de
579 2031 613 2075 se
643 2013 828 2095 opinionem
857 2010 1000 2075 ‘lhsidis
1069 2011 1224 2077 liiusdem
1248 2020 1296 2078 est
1320 2015 1387 2095 (3):
1415 2017 1547 2092 „Metuo
1625 2087 1626 2098 q

354 2118 505 2205 qnalsm’'
524 2138 610 2182 nore
629 2116 712 2181 dixit
731 2138 790 2201 pro
814 2105 946 2194 „metuo
963 2138 1004 2181 ne
1022 2119 1188 2203 ignores”;
1201 2120 1426 2206 interpretatio
1439 2144 1546 2208 prava.

354 2226 483 2290 Fabia
504 2231 590 2289 recte
613 2226 658 2287 sic
682 2226 798 2302 vertit;
824 2222 884 2300 „Je
907 2245 961 2289 me
983 2223 1138 2289 demande
1157 2244 1235 2290 avec
1257 2227 1481 2312 inquietude”.

399 2330 480 2395 Ibid.
504 2330 546 2394 21
582 2329 778 2416 Peregrinus
808 2336 874 2407 est,
897 2333 1007 2394 minus
1029 2336 1141 2415 potens
1164 2351 1263 2416 quam
1286 2339 1342 2411 tn,
1366 2335 1476 2399 minus
1500 2357 1548 2400 no

353 2444 425 2516 tus,
449 2439 558 2502 minus
580 2437 760 2500 amicorum
783 2436 838 2500 hic
860 2436 980 2500 habens

399 2543 458 2608 lid.
478 2542 527 2623 (2)
546 2542 632 2606 Bene
650 2544 696 2606 sic
714 2542 815 2620 dixit,
835 2545 913 2627 qnia
931 2542 1060 2608 tardum
1080 2542 1144 2607 fuit
1155 2543 1261 2609 dicere
1275 2543 1353 2622 „ille
1365 2548 1544 2632 impotens,

354 2655 392 2715 tn
415 2650 548 2736 potens’'
574 2646 652 2713 etc!

398 2755 480 2821 Ibid.
505 2753 548 2819 23
583 2754 646 2818 Sed
670 2760 707 2818 tu
729 2754 814 2838 qnod
836 2775 947 2820 cerere
971 2757 1089 2840 possis,
1114 2753 1255 2820 stultum
1278 2756 1447 2823 admittere
1473 2767 1521 2824 est

400 2862 500 2927 Dent
531 2861 580 2942 (2)
612 2861 835 2938 „Admittere”
866 2867 915 2926 est
944 2861 1014 2926 lieri
1036 2863 1149 2927 sinere.
1218 2862 1278 2928 ud.
1302 2863 1352 2944 (3)
1374 2869 1407 2928 et
1429 2865 1546 2931 melius

353 2968 436 3033 dixit
459 2987 558 3052 quem
581 2967 710 3053 „pati’':
734 2967 795 3032 hoc
819 2966 968 3052 generale
991 2974 1038 3032 est
1054 2967 1089 3046 ¹).

398 3073 480 3139 Ibid.
504 3072 559 3138 25.
594 3072 644 3137 'ln
675 3073 728 3137 abi
757 3079 855 3158 atque
877 3074 989 3139 obsera
1012 3075 1132 3138 ostium
1154 3075 1261 3153 intus,
1286 3075 1365 3139 dnm
1387 3096 1449 3162 ego
1473 3077 1546 3142 hinc

354 3187 538 3246 transcurro
561 3179 601 3244 ad
624 3179 732 3244 forum

399 3286 481 3351 Don.
500 3286 548 3366 (1)
572 3285 687 3349 Pavidi
706 3284 878 3350 consilium
897 3284 980 3350 nihil
999 3283 1090 3350 aliud
1108 3288 1249 3350 continet
1266 3293 1392 3372 praeter
1408 3287 1546 3353 claustra

353 3396 386 3457 et
409 3392 531 3477 fugam.
600 3389 678 3456 Ild:
702 3391 786 3455 Nam
810 3410 903 3455 scra
924 3396 974 3456 est
996 3389 1174 3456 claustrum
1196 3393 1320 3456 ianuae.

398 3496 515 3561 Omnia
537 3496 680 3562 eiusdem
703 3501 798 3562 notae
821 3501 854 3560 et
877 3497 1022 3582 originis.

398 3602 480 3668 Ibid.
506 3601 612 3682 240)
636 3600 747 3679 „Malo
770 3623 832 3688 ego
856 3623 914 3667 nos
937 3601 1137 3687 prospicere'’
1161 3623 1218 3687 pro
1242 3622 1376 3680 „cavere
1398 3624 1437 3668 ne
1456 3603 1546 3680 fiat'’‚

353 3710 390 3772 id
418 3715 463 3772 eet
486 3709 662 3792 prospicere
692 3717 721 3772 et
752 3731 871 3772 meere:
903 3709 944 3773 ab
975 3729 1011 3774 eo
1042 3707 1128 3793 quod
1156 3708 1316 3794 praecedit
1335 3708 1369 3773 id
1392 3708 1473 3794 qnod
1498 3728 1547 3774 se·

353 3819 474 3903 quitur.

399 3922 647 3988 Wessnerus
680 3943 699 3986 a
733 3921 858 3988 Donato
892 3919 1091 3986 adiudicarit
1124 3938 1205 4004 quae
1235 3918 1398 3985 inclinatis
1427 3918 1551 3985 litteris

352 4031 504 4114 expressi.
539 4028 611 4112 Ego
644 4032 724 4114 puto
757 4029 857 4091 etiam
892 4032 1079 4111 sequentem
1114 4022 1288 4091 formulam
1322 4023 1551 4110 Interpolatori

352 4134 544 4198 reddendam
580 4154 665 4211 csse,
701 4135 758 4219 qui
791 4153 863 4198 eam
899 4152 992 4216 saepe
1026 4130 1192 4208 adhibuit,
1228 4137 1267 4195 nt
1296 4131 1390 4197 docui
1419 4129 1551 4196 Mnem.

385 4411 413 4472 1)
430 4408 544 4472 Sequitur
560 4406 633 4456 etiarn
648 4406 771 4455 adnotatio
787 4404 929 4468 magistelli:
947 4404 1026 4452 ‚Nam
1039 4419 1102 4452 nnnc
1118 4400 1275 4452 -cdmittere”
1292 4403 1361 4468 peti
1378 4400 1451 4453 sieri
1468 4402 1553 4467 sig-ni-
1623 4467 1624 4470 Ἴ

350 4490 430 4551 Μ’,
446 4506 519 4555 quern
538 4490 725 4538 wesenerus
741 4488 791 4537 inm
807 4486 875 4536 ohele
892 4485 995 4536 notarit.
1623 4501 1624 4552 q
