3418 5392
368 357 413 440 86
624 329 625 334 ¹
887 379 1044 432 nouenos.

420 545 501 610 Ibid.
526 545 547 612 2
583 546 681 627 Quasi
705 545 811 613 dedita
833 568 927 635 opera
950 547 1037 613 domi
1060 553 1167 627 erant,
1192 553 1230 613 ut
1253 547 1343 614 nullo
1366 547 1463 614 modo

573 651 662 719 Intro
686 655 733 718 ire
756 674 896 739 possem,
922 655 999 739 quin
1022 676 1075 720 me
1098 654 1245 722 viderent

415 758 464 839 (1)
487 759 559 824 Nou
583 762 651 824 tam
673 761 812 838 mirum,
837 761 864 826 si
888 759 975 824 domi
998 765 1105 838 eraut,
1126 759 1181 826 sed
1200 758 1284 824 illud
1303 761 1409 847 magis
1428 761 1565 838 mirum,

370 863 456 948 quod
487 866 522 927 in
553 883 590 928 ea
613 863 729 928 domus
752 869 859 948 parte,
884 885 947 950 qua
968 867 1003 930 iu
1027 865 1120 931 aedes
1143 865 1373 931 introeundum
1397 871 1467 930 erat
1490 865 1566 930 adu·

360 967 554 1036 ,lescentulo
647 968 695 1050 (2)
720 969 874 1054 Superius
897 990 993 1035 causa
1014 973 1197 1036 continetur
1220 992 1278 1036 cur
1299 993 1362 1036 non
1386 973 1566 1038 mutaverit

369 1079 511 1152 vestem,
534 1072 801 1141 inferius'autem
824 1096 881 1140 our
903 1077 966 1142 huc
988 1077 1129 1143 redierit.

415 1179 498 1260 Quid
522 1185 569 1245 est
596 1182 783 1265 „superius”
808 1186 841 1246 et
866 1181 1041 1259 „inferius”
1065 1184 1099 1247 in
1122 1180 1191 1264 (2)(
1213 1181 1286 1247 Non
1308 1181 1481 1268 intellege,
1501 1183 1566 1246 nisi

369 1286 501 1352 fortasse
530 1284 713 1352 indicentur
741 1285 804 1352 duo
827 1285 887 1352 illa
909 1289 943 1351 in
967 1287 1087 1354 scholio
1110 1289 1158 1369 (l)
1183 1288 1292 1366 „domi
1315 1289 1426 1355 erant”
1452 1293 1486 1356 et
1509 1291 1565 1367 ‚,in

370 1413 407 1459 ea
430 1393 545 1458 domus
567 1394 690 1478 parte'',
715 1393 770 1459 sed
793 1395 905 1478 utique
931 1392 1093 1460 adnotatio
1116 1393 1275 1459 mirabilia
1298 1399 1356 1461 est.

415 1498 496 1564 Ibid.
521 1502 542 1563 4
577 1498 680 1563 Notus
703 1498 785 1563 mihi
808 1499 938 1584 quidam
961 1500 1089 1565 obviam
1113 1502 1204 1566 venit

415 1603 496 1670 Don.
516 1610 601 1670 recte
619 1603 684 1685 (2);
706 1603 768 1684 Qui
788 1625 841 1672 me
860 1606 962 1691 possit
981 1626 1162 1692 agnoscere.
1231 1603 1282 1672 IP
1304 1604 1404 1671 stulte
1425 1603 1564 1671 addidit:

370 1709 424 1779 vel
447 1713 517 1797 qui
540 1732 600 1779 me
623 1713 809 1788 noverit,
834 1709 868 1776 id
892 1715 940 1775 est
963 1713 1096 1777 amicus.

415 1818 495 1884 Ibid.
522 1817 565 1882 10
600 1815 684 1898 Quid
707 1837 778 1881 mea
800 1813 934 1881 antemi
968 1815 1051 1896 Quid
1075 1817 1170 1882 faciet
1192 1814 1296 1882 mihi?

416 1924 464 2006 (1)
497 1921 633 2010 Colligit
663 1944 696 1988 se
727 1943 838 1987 rursus
868 1921 908 1986 ad
938 1922 1175 2007 impudentiam
1208 1920 1358 2001 Chaerea.
1452 1922 1561 1988 Inanis

369 2031 510 2096 imitatio
530 2035 579 2095 est
599 2028 683 2114 quod
702 2030 862 2114 sequitur:
883 2027 932 2108 (2)
951 2029 993 2093 Et
1012 2029 1085 2094 vide
1105 2031 1133 2095 si
1151 2049 1215 2094 non
1234 2027 1344 2094 eadem
1366 2033 1415 2093 est
1431 2027 1564 2094 audacia

369 2138 403 2204 in
427 2134 567 2206 Chaerea
589 2155 669 2219 quae
693 2136 726 2200 in
750 2133 951 2219 suscipiendo
974 2133 1111 2200 facinore
1134 2131 1218 2200 fuiti

415 2240 496 2307 Ibid.
522 2240 562 2305 11
598 2239 665 2308 Th.
690 2239 862 2306 Adeamus.
888 2239 1040 2305 -Bone
1063 2223 1237 2319 vir'Dore,
1260 2238 1349 2306 salve

416 2346 551 2411 Lemma
577 2345 691 2412 scholii
714 2345 761 2428 (2)
786 2351 835 2411 est
858 2345 1075 2425 ,‚Adeamus”,
1098 2348 1207 2432 itaque
1229 2346 1289 2412 hoc
1312 2348 1346 2410 in
1370 2343 1564 2413 Commento

360 2453 435 2522 tuit
464 2458 538 2532 aute
569 2452 617 2533 (1)
647 2453 739 2517 cuius
761 2451 881 2517 lemma
904 2457 951 2517 est
976 2451 1084 2530 „Bone
1107 2454 1157 2518 vir
1179 2451 1297 2518 Dore'’.
1343 2451 1563 2540 Transpositio

372 2559 506 2624 debetur
528 2559 627 2624 errori
650 2555 886 2643 Compilatoris.

416 2662 498 2728 Ibid.
526 2662 568 2727 14
604 2659 671 2728 Ch.
695 2661 732 2728 Si
754 2661 852 2728 aliam
876 2661 1033 2728 admisero
1056 2684 1231 2749 umquam,
1256 2663 1391 2729 occidito

366 2793 370 2803 ·
416 2768 465 2849 (2)
498 2768 540 2834 Et
571 2789 634 2834 non
665 2767 832 2846 „caedito”
866 2767 921 2833 ssd
952 2767 1141 2845 ‚,occidito''.
1235 2767 1340 2834 Immo
1370 2769 1431 2834 hoc
1454 2771 1561 2854 ipsum

365 2872 533 2960 intellegit
552 2870 701 2939 Chaerea.
772 2871 878 2938 Schol.
899 2871 947 2955 (3)
966 2875 1245 2959 corruptissimum
1257 2893 1263 2938 :
1277 2872 1337 2938 Illa
1348 2875 1440 2959 quasi
1452 2873 1562 2938 cheres

370 2979 495 3045 dixerat
518 2979 634 3044 adhinc
655 2981 767 3043 irrisor
790 2981 881 3064 quasi
903 2978 1082 3065 fugitivus,
1108 3015 1151 3026 -
1174 2978 1309 3044 fortasse
1332 2981 1379 3042 ita
1403 2981 1561 3066 corrigen-

370 3086 465 3151 dum:
497 3084 642 3165 <Thais>
666 3082 725 3148 illa
748 3085 839 3170 quasi
862 3085 1052 3171 (ingenuo)
1078 3082 1236 3152 Chaereae
1259 3084 1384 3150 dixerat
1406 3083 1488 3164 (scil.
1514 3105 1559 3150 vs.

371 3191 432 3259 13:
455 3188 592 3271 „Credin
605 3196 636 3256 te
648 3192 781 3276 impune
792 3190 980 3256 habiturum
989 3187 1054 3272 i’');
1076 3195 1116 3256 at
1135 3191 1202 3258 hio
1221 3193 1331 3256 irrisor
1343 3191 1558 3276 (respondet)

369 3303 407 3362 ut
429 3298 601 3383 fugitivus.

414 3402 496 3468 Ibid.
520 3401 563 3469 25
598 3401 672 3468 Non
694 3407 726 3467 te
749 3401 903 3489 dignum,
928 3399 1084 3479 Chaerea,
1108 3402 1213 3470 fecisti
1429 3451 1432 3459 .

413 3508 463 3573 lP
493 3505 542 3590 (3)
574 3505 762 3593 „Dignum”
787 3528 845 3592 pro
871 3507 1021 3594 „digne’'‚
1044 3512 1101 3573 aut
1124 3507 1213 3573 deest
1237 3507 1414 3587 ‚,facinus'’‚
1438 3512 1476 3573 ut
1498 3509 1557 3588 sit,

368 3634 432 3678 non
462 3617 494 3678 te
525 3612 662 3698 dignum
691 3611 814 3677 facinus
838 3612 951 3679 fecisti.
1043 3612 1226 3698 Perperam.
1262 3611 1557 3681 samonaco

371 3720 458 3796 „tuis
482 3715 619 3803 dignum
641 3716 733 3781 factis
757 3716 903 3783 feceris''.
927 3716 1018 3783 Nihil
1040 3717 1139 3784 deest.

415 3822 486 3889 Ibid
510 3821 553 3888 36
589 3821 691 3902 Quid,
715 3824 743 3888 si
766 3824 829 3915 hoc
849 3825 1010 3910 quispiam
1032 3824 1136 3890 voluit
1160 3823 1258 3890 deus?

279 3921 284 3928 ’
414 3928 494 3995 Dou.
519 3928 566 4008 (1)
587 3925 744 4014 Pleraque
762 3932 937 4015 repentinis
957 3929 1206 4016 impulsionibus
1224 3939 1299 3996 nata
1318 3933 1474 4017 mirisque
1492 3953 1559 4018 pro

367 4034 518 4100 ventibus
537 4032 595 4098 deo
620 4033 758 4099 adscribi
780 4032 900 4112 solent,
924 4041 960 4102 ut
980 4035 1143 4123 Vergilius
1162 4036 1254 4115 (Aen.
1274 4034 1556 4117 11632111715)

368 4145 402 4205 et
420 4137 595 4205 Sallustius
614 4139 666 4219 (fr.
687 4138 799 4220 Eiet).
868 4139 928 4206 Ed.
949 4140 996 4223 (2)
1009 4141 1088 4207 Vult
1100 4162 1241 4209 amoram
1254 4141 1400 4230 intellegi
1413 4142 1508 4209 deum
1524 4141 1557 4224 ¹).

368 4243 519 4323 Falsum;
544 4243 747 4332 intellegitur
770 4245 899 4331 aliquod
923 4267 1060 4326 numen,
1085 4247 1125 4314 cf.
1150 4245 1287 4314 Fabia.

403 4489 429 4558 l)
446 4489 485 4543 Oi.
498 4489 609 4542 Eiusdam
624 4489 697 4543 schol.
712 4489 744 4540 ad
758 4489 824 4542 And
833 4504 853 4542 r.
869 4489 890 4540 V
906 4491 929 4542 2.
938 4490 970 4542 25
985 4489 1049 4558 Quia
1058 4489 1192 4541 smerdem
1201 4491 1244 4542 eat.
1260 4491 1354 4543 Maeni.
1363 4489 1457 4542 XXXII
1465 4507 1489 4560 p.
1498 4490 1552 4542 222.
