3418 5392
342 373 385 440 92
850 387 1016 438 normes.

343 559 479 638 diocria,
499 558 730 642 incipimus
752 556 883 641 negotia
904 553 1007 641 dege:
1029 555 1217 641 negotiosa),
1238 560 1271 619 et
1291 552 1317 617 V
1339 553 1404 618 8.5
1429 555 1537 620 inve-

346 666 432 728 nire
455 662 607 747 sapientis
631 667 696 740 est,
719 663 910 746 incipere
935 659 1081 738 audacis,
1105 659 1321 744 perficere
1345 663 1534 726 constantis.

385 768 467 834 Ibid.
493 768 513 833 4
547 767 680 834 Utinam
703 768 764 832 tibi
786 767 1006 852 commitigari
1030 765 1157 831 videam
1181 764 1323 831 sandalio
1349 771 1448 851 caput

386 875 434 956 (2)
456 873 537 939 Plus
557 873 640 938 dixit
660 872 798 957 „capnt”
820 893 917 958 quam
937 870 1035 938 aliam
1057 876 1183 956 partem
1202 874 1340 958 corporis
1360 872 1536 938 verberari.

341 980 390 1063 (3)
414 986 446 1046 et
469 982 567 1044 mire:
592 977 800 1045 calciamento
822 982 929 1063 caput.
1000 978 1184 1063 Utrumque
1207 977 1384 1044 inficetum.

333 1255 336 1258 .
387 1191 503 1259 V8.6
538 1191 607 1258 Scis
631 1189 836 1278 Pamphilam
859 1211 965 1256 meam

386 1299 434 1378 (1)
455 1300 619 1364 Amatoria
639 1297 722 1363 dixit
743 1297 904 1375 „meam'’,
924 1334 966 1346 -
980 1296 1032 1362 vel
1044 1298 1154 1382 potius
1167 1318 1338 1382 „sponsam
1350 1299 1480 1365 meam”
1495 1337 1538 1350 -

341 1405 374 1470 id
398 1411 447 1471 est
468 1425 586 1491 quarn
610 1425 708 1469 arno.
778 1402 989 1469 Manifestum
1013 1402 1173 1468 emblema
1195 1407 1321 1470 notavit
1345 1404 1469 1471 Wessn.

382 1511 467 1577 ibid.
493 1510 513 1576 9
547 1510 645 1576 Thais
668 1512 752 1595 patri
775 1531 808 1575 se
833 1509 1070 1575 commendavit
1093 1512 1127 1574 in
1152 1508 1337 1575 clientelam
1360 1516 1393 1577 et
1417 1510 1517 1577 fidem

386 1617 434 1698 (1)
458 1615 528 1682 Hoc
552 1621 616 1695 est,
643 1614 727 1700 quod
750 1615 872 1700 profuit
895 1614 1081 1680 Phaedriae.
1174 1614 1222 1698 (2)
1247 1615 1307 1693 „ln
1330 1615 1538 1682 clientelam”

341 1729 380 1789 ut
403 1727 538 1798 ametur,
566 1723 620 1800 „in
645 1720 761 1786 lidem''
786 1725 825 1784 ut
847 1720 1044 1786 defendatur.
1271 1795 1274 1798 ,

387 1825 540 1893 Formula
572 1824 813 1904 „commendare
844 1846 877 1891 se
906 1827 940 1889 in
963 1824 1002 1890 cl.
1028 1831 1060 1890 et
1083 1825 1135 1891 fid.
1161 1824 1256 1892 alic.’'
1281 1826 1461 1913 significat,
1485 1848 1541 1913 pa-

342 1939 473 1998 tronum
493 1954 568 1998 eum
588 1953 699 2017 capere
717 1932 797 2011 (vid.
817 1953 866 1996 us.
888 1929 953 1996 886
978 1938 1011 1996 et
1032 1930 1123 1998 Fab.
1146 1932 1185 1997 ad
1204 1932 1237 1997 h.
1250 1931 1297 2013 1.).
1317 1932 1408 2013 Quod
1427 1939 1540 2001 autem

343 2038 440 2105 Thais
474 2039 534 2104 hoc
569 2038 663 2116 fecit,
698 2037 732 2102 id
766 2059 829 2102 non
865 2038 987 2123 profuit
1020 2037 1213 2119 Phaedriae,
1247 2039 1301 2105 sed
1331 2039 1475 2125 proderit
1506 2043 1540 2106 in

342 2151 517 2231 posterum.
549 2143 702 2210 Alterum
725 2143 886 2209 scholium
909 2146 978 2210 vim
1001 2143 1160 2210 formulae
1184 2166 1247 2210 non
1272 2166 1348 2211 vere
1371 2149 1540 2230 expressit.

343 2251 525 2335 Utrumque
548 2249 706 2315 scholium
729 2256 915 2335 suspectum
938 2254 995 2316 est.

389 2357 469 2422 Ibid.
495 2356 537 2421 14
578 2355 762 2440 Numquid,
794 2353 941 2434 Gnatho,
965 2363 1002 2421 tu
1026 2355 1153 2420 dubitas
1177 2358 1256 2442 quin
1279 2377 1339 2444 ego
1362 2379 1448 2423 nuno
1472 2379 1540 2446 per·

343 2468 441 2549 petuo
465 2458 637 2548 perierim?
671 2459 739 2528 Gn.
764 2461 840 2527 Sine
864 2462 980 2540 dubio,
1004 2464 1117 2548 opinor

389 2568 438 2650 (l)
472 2567 567 2646 „Sine
599 2567 712 2645 dnbio,
744 2569 876 2652 opinor’'
902 2569 1061 2653 quianon
1085 2569 1157 2652 quis
1181 2567 1536 2656 dicitnrperpstuo

344 2677 491 2762 periisse;
525 2673 602 2758 qnid
626 2676 713 2739 enim
736 2695 817 2758 opus
840 2674 899 2739 hac
922 2677 1108 2760 exceptione
1131 2679 1197 2753 est,
1223 2674 1348 2759 quando
1372 2695 1469 2741 nemo
1493 2678 1538 2740 ita

341 2783 427 2867 perit
445 2785 482 2845 ut
501 2778 722 2864 temporaliter
741 2783 849 2863 pereat
869 2784 901 2844 et
920 2785 1029 2864 postea
1049 2779 1104 2843 fiat
1124 2800 1186 2844 non
1198 2776 1365 2865 perditus?
1389 2777 1537 2847 Oorrexit

339 2889 497 2973 parasitus
520 2884 614 2950 stulti
636 2885 760 2950 dictum
784 2883 914 2963 militis,
938 2907 1002 2950 non
1024 2884 1121 2950 illum
1147 2885 1343 2970 „perpetuo”
1366 2885 1422 2950 sed
1444 2889 1534 2963 „sine

340 2993 458 3058 dubio”
482 2994 622 3077 periisse.
700 2989 748 3072 (2)
773 2990 867 3069 „Sine
891 2990 1005 3069 dubio,
1031 2989 1181 3075 opinor'’:
1207 2995 1261 3067 „te
1281 2992 1455 3075 periisse”;
1477 3013 1534 3078 pro

342 3105 427 3165 certo
446 3097 651 3164 confirmatur
669 3099 800 3182 periisse
820 3095 930 3174 miles,
951 3103 988 3161 ut
1007 3103 1080 3183 post
1099 3102 1147 3162 tot
1167 3116 1301 3162 munera
1314 3118 1354 3163 ex
1366 3097 1533 3183 desperato

342 3203 495 3291 supplex,
520 3224 558 3268 ex
583 3201 727 3288 supplice
751 3204 875 3287 patiens
898 3201 1010 3267 rivalis
1033 3204 1160 3267 existat.

390 3309 585 3376 Scholiastae
619 3310 822 3374 consentiunt
855 3311 944 3386 „sine
977 3308 1094 3373 dubio”
1127 3310 1286 3393 pertinere
1317 3307 1357 3373 ad
1386 3308 1422 3373 id
1454 3308 1538 3395 quod

346 3415 439 3480 miles
464 3414 547 3479 dixit
571 3414 777 3500 „perierim'',
802 3434 864 3478 non
887 3412 926 3478 ad
951 3414 1118 3498 „opinor''.
1142 3413 1194 3478 Sic
1217 3413 1410 3498 simpliciter
1434 3414 1538 3482 Dona·

345 3528 398 3586 tus
429 3521 585 3584 nimirum
615 3522 649 3583 in
681 3518 740 3598 (2),
772 3519 851 3583 dum
874 3518 987 3583 Editor
1009 3518 1043 3583 id
1068 3521 1209 3603 speciosa
1232 3525 1264 3584 et
1285 3519 1420 3585 obseura
1442 3520 1537 3600 („hac

346 3624 552 3712 exceptione’'
583 3657 623 3682 =
655 3621 864 3710 „perpetuol)
894 3625 1135 3690 ratiocinatione
1166 3624 1383 3690 corroboravit
1412 3628 1447 3690 in
1478 3627 1536 3707 (1).

346 3730 510 3796 Donatum
532 3729 662 3815 quidem
685 3751 745 3795 non
769 3730 857 3817 fugit
879 3731 1076 3816 „perpetuo”
1101 3733 1182 3796 mire
1205 3730 1352 3796 additum
1376 3751 1463 3809 esse,
1484 3731 1537 3796 sed

345 3838 405 3902 hoc
435 3839 513 3902 scite
544 3833 700 3919 explicuit
731 3835 770 3900 ad
803 3835 906 3916 13(1)
932 3835 1133 3920 „Perpetuo”
1158 3835 1339 3920 quiaillud
1362 3837 1535 3922 „periisse”

346 3964 441 4028 supra
472 3939 646 4026 temporale
673 3940 852 4006 videbatur.
880 3979 919 3989 -
944 3943 1116 4027 respiciens
1139 3941 1223 4027 quod
1245 3941 1339 4008 miles
1364 3941 1390 4007 V
1416 3939 1481 4009 '125
1504 3945 1536 4008 in

347 4051 485 4115 transitu
509 4047 718 4114 exclamavit:
745 4047 886 4126 „Perii''.

338 4198 341 4204 -
391 4154 472 4220 Ihid.
500 4153 539 4219 15
554 4174 619 4239 sqq.
655 4151 796 4218 illumne
826 4156 884 4237 qui
912 4153 995 4218 mihi
1019 4152 1107 4218 dedit
1130 4152 1298 4219 consilium
1321 4159 1359 4218 ut
1382 4153 1518 4220 facerem

347 4282 386 4327 an
411 4282 463 4325 me
488 4262 543 4346 qui
565 4261 599 4325 id
622 4281 719 4325 ausus
742 4281 833 4337 snm,
857 4280 898 4324 an
921 4259 1083 4325 fortunam
1105 4256 1302 4338 collaudem,
1323 4280 1404 4346 quae
1424 4261 1536 4347 guber

348 4369 454 4432 natrix
477 4366 556 4443 fuit,
660 4386 700 4431 an
723 4368 788 4430 mei
811 4367 911 4450 patris
934 4365 1145 4431 festivitatem
1170 4370 1202 4430 et
1226 4363 1436 4432 facilitatem?

389 4471 438 4553 (l)
471 4472 702 4537 Attribuuntur
732 4473 874 4558 personis
904 4469 1053 4550 consilia,
1085 4471 1187 4551 facta,
1219 4491 1328 4550 casus,
1361 4473 1533 4550 orationes,
