3450 5382
721 347 876 396 oonsnus.
1334 324 1397 394 171

252 513 320 578 Iam
345 513 590 579 Wessnerus
614 513 697 580 vidit
720 515 853 578 initium
879 517 911 579 et
935 513 1030 579 finem
1057 535 1159 579 unum
1179 513 1298 580 Donati
1318 515 1405 579 seho-

204 618 287 684 lium
307 620 441 699 referre,
462 623 514 685 oui
534 623 653 686 inserte
672 627 721 685 est
742 621 922 686 observatio
946 623 1112 706 magistri3
1138 621 1191 684 hie
1215 625 1325 684 eutem
1347 641 1405 705 per

203 733 301 805 erret,
333 726 386 811 qul
415 727 618 811 reprehendit
650 726 811 792 Donatum
844 729 878 790 iu
909 726 957 807 (1)
981 726 1147 812 aliumque
1172 729 1228 811 qui
1252 725 1401 791 distinxit

197 833 340 918 plerique
363 855 477 913 ornnee;
502 855 564 919 que
588 834 626 898 de
649 855 683 898 re
706 833 745 898 of.
771 832 862 900 Serv.
886 834 926 898 ed
951 834 1028 899 Aen.
1055 833 1070 897 I
1096 833 1171 897 181.

252 998 282 1063 II
307 998 394 1064 1.24
429 1001 477 1066 Ne
500 1003 561 1065 iste
584 1000 670 1066 haud
695 1021 822 1066 meeum
846 1003 953 1065 sentit.

250 1105 298 1186 (6)
323 1104 414 1184 „Ne”
441 1105 563 1173 valde
588 1093 666 1186 eut,¹
686 1113 723 1171 ut
748 1106 880 1191 quidam
903 1107 1032 1184 volunt,
1058 1127 1229 1192 equam,
1250 1104 1396 1172 Lucilius

205 1213 237 1274 in
260 1211 383 1277 deeimo
410 1212 493 1290 „Ne,
519 1213 644 1291 Meroe,
670 1214 787 1278 bovem
811 1213 964 1298 descripsi
985 1211 1189 1299 magnifioe”,
1213 1215 1329 1297 inquit.

249 1317 434 1382 Wessnerus
458 1340 488 1403 p.
511 1318 553 1383 33
567 1340 612 1403 sq.
637 1319 802 1385 Lueiliene
823 1341 861 1384 ex
882 1322 978 1405 Aspri
998 1322 1236 1385 commentariis
1252 1320 1396 1386 derivate

204 1443 271 1489 esse
294 1428 401 1489 oenset
428 1432 450 1504 ).

248 1589 279 1655 II
304 1590 369 1656 3.6
404 1590 539 1670 Quidvis
562 1593 665 1676 patiar

248 1696 295 1778 (6)
326 1695 408 1762 Sunt
438 1699 493 1783 qui
525 1697 697 1783 „quidvis”
729 1718 786 1782 pro
820 1695 1029 1782 quiequid*
1049 1698 1248 1764 evenerit
1271 1693 1395 1762 intelle·

202 1809 297 1889 gent,
330 1805 405 1888 quie
436 1802 560 1868 dixerat
593 1802 692 1881 „adeo
724 1825 774 1868 me
805 1805 963 1889 ignavum
988 1799 1117 1889 putes?”
1143 1803 1171 1882 (I
1205 1800 1235 1867 5.
1249 1801 1316 1883 42),
1340 1801 1397 1868 elii

201 1911 425 1994 pronuntiant,
456 1915 494 1973 ut
525 1912 568 1974 sit
598 1930 726 1974 sensus:
760 1910 859 1994 „quid
889 1931 942 1974 me
975 1912 1023 1975 vis
1057 1910 1158 1977 faeere
1191 1931 1231 1974 on
1263 1909 1334 1986 hoo,
1359 1916 1397 1973 ut

202 2014 249 2097 (ll.
274 2037 314 2081 en
339 2021 376 2080 ut
399 2015 477 2095 hoo,
501 2021 592 2097 corr.)
615 2018 718 2100 patiar
741 2016 823 2080 mihi
846 2037 980 2081 uxorem
1004 2013 1126 2081 deri?”.
1217 2079 1220 2084 Α

247 2119 359 2188 Denuo
382 2120 462 2187 Don.
488 2121 571 2187 nihil
594 2122 752 2200 decernit,
777 2123 832 2187 sed
851 2124 928 2208 quid
947 2123 1009 2187 sibi
1029 2108 1186 2200 videatur,
1208 2127 1245 2186 ut
1266 2119 1392 2199 assolet,

200 2228 343 2310 primum
367 2229 486 2311 posuit.
511 2227 654 2293 Alterius
677 2231 834 2313 opinionis
858 2233 1003 2294 suctores
1026 2234 1181 2294 errarunt.

245 2332 325 2397 Ibid.
351 2333 391 2397 21
429 2334 513 2399 Nem
537 2334 622 2419 quod
646 2340 682 2399 tu
705 2356 810 2420 speres
836 2335 1050 2421 „propulsabo
1073 2334 1166 2401 feoile
1189 2355 1321 2400 uxorem
1341 2336 1392 2399 his

202 2439 355 2516 moribus,
381 2439 468 2504 debit
491 2439 607 2504 nomo'’

246 2545 294 2626 (l)
322 2544 406 2610 Sunt
428 2547 484 2631 qui
508 2546 655 2631 „speres”
681 2568 737 2632 pro
762 2549 910 2614 timeas
935 2548 1081 2614 habeant.
1130 2548 1301 2634 Perperam
1325 2533 1392 2626 illi,

201 2650 284 2716 unde
308 2652 406 2716 etiam
429 2651 654 2738 Itugraphius:
679 2655 741 2718 ie.
767 2655 909 2729 timos,
934 2654 1133 2735 exoptante.

245 2756 324 2821 Ibid.
350 2757 394 2821 22
430 2757 574 2824 Inveniat
597 2760 726 2844 inopem
750 2761 859 2844 potius
884 2781 981 2845 quam
1004 2767 1036 2826 te
1061 2763 1223 2845 eorrumpi
1246 2763 1330 2826 sinet

245 2863 293 2945 (3)
316 2861 399 2929 Sunt
422 2867 477 2949 qui
501 2865 586 2929 nard
611 2865 823 2944 eudemones
847 2866 911 2931 diei
933 2872 1047 2952 putent
1070 2870 1233 2945 „inveniet
1249 2869 1392 2951 inopem,

200 2970 307 3053 potius
331 2990 428 3055 quem
453 2975 484 3034 te
508 2973 671 3056 eorrumpi
693 2970 809 3038 sinat’'.

245 3073 326 3140 Don.
357 3079 426 3161 ipse
456 3079 488 3140 in
521 3076 570 3158 (l)
602 3078 743 3159 eropus
776 3077 936 3157 εὔστοχος.
968 3078 1106 3164 Figurae
1140 3080 1195 3143 vix
1220 3077 1369 3143 differunt
1379 3099 1388 3157 ,-

198 3187 394 3266 usurpantur
424 3182 462 3247 de
486 3204 522 3249 eo
547 3185 603 3267 qui
625 3185 836 3250 obtectionem
859 3184 1032 3251 adversarii
1055 3187 1121 3249 iem
1144 3186 1213 3270 ipse
1237 3186 1390 3270 praeripit
1418 3191 1420 3196 ’

198 3293 230 3352 et
249 3291 295 3352 sio
314 3289 478 3373 praecidit.
499 3289 565 3370 (Vo
576 3311 624 3355 ss.
646 3292 727 3357 rhet.
741 3289 798 3357 Gr.
815 3314 846 3377 p.
860 3290 914 3370 24,
930 3290 1007 3356 369.
1028 3291 1099 3357 Lat.
1113 3288 1203 3370 377).
1223 3288 1327 3357 Sehol.
1341 3289 1389 3372 (3)

199 3394 302 3479 Aspro
325 3395 451 3460 eonoedi
474 3401 588 3481 potest.

245 3560 278 3625 11
301 3559 426 3643 tto)
462 3562 531 3649 Ego
564 3569 642 3648 puto
675 3570 895 3641 „commutare
927 3564 1045 3630 vorbe”
1079 3585 1146 3630 esse
1175 3585 1246 3649 pro
1272 3564 1392 3629 bonis

200 3667 328 3733 diotis
351 3668 437 3732 molo
459 3672 621 3754 ingerere,
647 3670 706 3735 hoo
730 3676 778 3735 est
802 3669 964 3734 iracundia
984 3673 1018 3734 in
1039 3670 1211 3736 maledieta
1231 3669 1391 3756 compelli.

244 3772 314 3838 Hoo
345 3773 520 3853 scholium,
552 3774 637 3859 quod
669 3774 855 3859 obloquitur
887 3775 1011 3840 Donato
1043 3779 1077 3840 in
1108 3775 1166 3856 (4),
1199 3775 1392 3862 iampridem

197 3877 323 3943 Editori
347 3878 544 3945 reddendum
568 3901 635 3945 esse
659 3880 753 3945 dooui
777 3881 914 3962 (Muom.
938 3881 1066 3947 XXXII
1088 3904 1119 3968 p.
1145 3881 1234 3963 223).

231 4139 257 4203 l)
275 4138 358 4187 Utitur
376 4138 413 4187 W.
431 4137 571 4202 praesertim
588 4137 632 4186 hoo
648 4139 699 4187 loco
715 4142 741 4188 ut
757 4138 816 4187 illud
830 4138 915 4204 probet
930 4141 958 4189 de
968 4140 1077 4190 omnibus
1086 4140 1238 4190 citationibus
1247 4140 1375 4190 Luoilinnis
1381 4161 1387 4200 ;

192 4223 218 4269 et
233 4236 288 4269 sane
305 4221 347 4269 hu
356 4220 365 4268 i
374 4236 409 4270 us
425 4220 510 4268 scholii
524 4221 657 4285 exemplum
675 4221 767 4270 invenit
782 4221 812 4270 D.
827 4223 889 4285 apud
907 4239 922 4286 q
932 4238 947 4271 u
957 4239 969 4270 e
980 4239 994 4270 n
1004 4223 1018 4270 d
1028 4237 1043 4271 u
1052 4239 1089 4282 m,
1104 4223 1209 4272 dieamus
1224 4224 1337 4287 Asprum,
1347 4225 1389 4272 sed

193 4318 247 4350 eum
273 4303 311 4351 W.
336 4303 370 4351 ite
393 4302 484 4367 pergit:
510 4302 582 4350 „Wss
605 4301 659 4351 hier
681 4303 706 4351 iu
730 4303 807 4352 einem
829 4303 897 4351 Folle
914 4304 994 4353 direkt
1009 4304 1107 4367 bezeugt
1125 4305 1164 4363 ist,
1183 4306 1309 4354 drirlen
1327 4306 1387 4355 wir·

193 4383 273 4433 wohl
291 4383 656 4433 nnbedenkliohauoh
675 4386 901 4434 ldrenderen
919 4385 1018 4434 nelle
1036 4384 1389 4445 unnehmen,”mihiotiom

195 4465 297 4530 logicum
312 4466 433 4532 proponit,
451 4478 522 4530 quom
539 4466 576 4515 vol
594 4469 692 4516 centeno
706 4470 808 4532 ,gutture
825 4483 909 4517 vorare
929 4483 1052 4531 nequeam.
