<?xml version="1.0" encoding="UTF-8"?>
<!DOCTYPE html PUBLIC "-//W3C//DTD XHTML 1.0 Transitional//EN"
    "http://www.w3.org/TR/xhtml1/DTD/xhtml1-transitional.dtd">
<html xmlns="http://www.w3.org/1999/xhtml" xml:lang="en" lang="en">
 <head>
  <title>
</title>
<meta http-equiv="Content-Type" content="text/html;charset=utf-8" />
  <meta name='ocr-system' content='tesseract 3.04.00' />
  <meta name='ocr-capabilities' content='ocr_page ocr_carea ocr_par ocr_line ocrx_word'/>
</head>
<body>
  <div class='ocr_page' id='page_1' title='image "./decommentidonat00karsgoog_0053.png"; bbox 0 0 3418 5392; ppageno 0'>
   <div class='ocr_carea' id='block_1_1' title="bbox 369 358 1150 440">
    <p class='ocr_par' dir='ltr' id='par_1_1' title="bbox 369 358 1150 440">
     <span class='ocr_line' id='line_1_1' title="bbox 369 358 1150 440; baseline 0.005 -16"><span class='ocrx_word' id='word_1_1' title='bbox 369 358 412 425; x_wconf 88' lang='grc'>40</span> <span class='ocrx_word' id='word_1_2' title='bbox 888 376 1043 428; x_wconf 81' lang='lat' dir='ltr'>nonanus.</span> <span class='ocrx_word' id='word_1_3' title='bbox 1146 433 1150 440; x_wconf 69' lang='grc'>,</span> 
     </span>
    </p>
   </div>
   <div class='ocr_carea' id='block_1_2' title="bbox 367 541 1568 2216">
    <p class='ocr_par' dir='ltr' id='par_1_2' title="bbox 367 541 1568 1771">
     <span class='ocr_line' id='line_1_2' title="bbox 423 541 1568 629; baseline -0.002 -21"><span class='ocrx_word' id='word_1_4' title='bbox 423 541 551 610; x_wconf 83' lang='lat' dir='ltr'>Scholia</span> <span class='ocrx_word' id='word_1_5' title='bbox 583 545 723 629; x_wconf 89' lang='lat' dir='ltr'>quinque</span> <span class='ocrx_word' id='word_1_6' title='bbox 753 546 858 628; x_wconf 91' lang='lat' dir='ltr'>prima</span> <span class='ocrx_word' id='word_1_7' title='bbox 881 549 1120 628; x_wconf 75' lang='lat' dir='ltr'>repraesentant</span> <span class='ocrx_word' id='word_1_8' title='bbox 1143 542 1260 608; x_wconf 90' lang='lat' dir='ltr'>Donati</span> <span class='ocrx_word' id='word_1_9' title='bbox 1284 543 1490 629; x_wconf 89' lang='lat' dir='ltr'>aliorumque</span> <span class='ocrx_word' id='word_1_10' title='bbox 1513 541 1568 606; x_wconf 95' lang='lat' dir='ltr'>du-</span> 
     </span>
     <span class='ocr_line' id='line_1_3' title="bbox 369 647 1566 735; baseline 0 -23"><span class='ocrx_word' id='word_1_11' title='bbox 369 648 539 713; x_wconf 88' lang='lat' dir='ltr'>bitationes</span> <span class='ocrx_word' id='word_1_12' title='bbox 576 648 614 714; x_wconf 92' lang='lat' dir='ltr'>de</span> <span class='ocrx_word' id='word_1_13' title='bbox 649 649 825 714; x_wconf 84' lang='lat' dir='ltr'>differentia</span> <span class='ocrx_word' id='word_1_14' title='bbox 857 651 943 714; x_wconf 89' lang='lat' dir='ltr'>inter</span> <span class='ocrx_word' id='word_1_15' title='bbox 977 647 1127 734; x_wconf 83' lang='lat' dir='ltr'>„speres”</span> <span class='ocrx_word' id='word_1_16' title='bbox 1162 656 1193 714; x_wconf 91' lang='lat' dir='ltr'>et</span> <span class='ocrx_word' id='word_1_17' title='bbox 1230 648 1448 735; x_wconf 84' lang='lat' dir='ltr'>‚,exspectes&#39;&#39;‚</span> <span class='ocrx_word' id='word_1_18' title='bbox 1483 647 1566 734; x_wconf 92' lang='lat' dir='ltr'>quod</span> 
     </span>
     <span class='ocr_line' id='line_1_4' title="bbox 368 754 1564 840; baseline -0.001 -22"><span class='ocrx_word' id='word_1_19' title='bbox 368 774 471 838; x_wconf 85' lang='lat' dir='ltr'>genus</span> <span class='ocrx_word' id='word_1_20' title='bbox 494 754 687 819; x_wconf 84' lang='lat' dir='ltr'><strong>scholiorum</strong></span> <span class='ocrx_word' id='word_1_21' title='bbox 712 761 821 840; x_wconf 90' lang='lat' dir='ltr'>postea</span> <span class='ocrx_word' id='word_1_22' title='bbox 841 757 1012 840; x_wconf 88' lang='lat' dir='ltr'>separatim</span> <span class='ocrx_word' id='word_1_23' title='bbox 1032 756 1183 820; x_wconf 75' lang='lat' dir='ltr'>tractabo.</span> <span class='ocrx_word' id='word_1_24' title='bbox 1209 754 1333 820; x_wconf 86' lang='lat' dir='ltr'>Donato</span> <span class='ocrx_word' id='word_1_25' title='bbox 1353 777 1415 821; x_wconf 92' lang='lat' dir='ltr'>non</span> <span class='ocrx_word' id='word_1_26' title='bbox 1436 760 1564 819; x_wconf 91' lang='lat' dir='ltr'>tantum</span> 
     </span>
     <span class='ocr_line' id='line_1_5' title="bbox 368 859 1563 948; baseline -0.001 -24"><span class='ocrx_word' id='word_1_27' title='bbox 368 880 442 924; x_wconf 88' lang='lat' dir='ltr'>cum</span> <span class='ocrx_word' id='word_1_28' title='bbox 473 859 588 925; x_wconf 78' lang='lat' dir='ltr'>Sahb.</span> <span class='ocrx_word' id='word_1_29' title='bbox 621 861 753 947; x_wconf 85' lang='lat' dir='ltr'>adsiguo</span> <span class='ocrx_word' id='word_1_30' title='bbox 778 860 827 942; x_wconf 87' lang='lat'>(5)</span> <span class='ocrx_word' id='word_1_31' title='bbox 860 881 920 939; x_wconf 87' lang='lat' dir='ltr'>„an</span> <span class='ocrx_word' id='word_1_32' title='bbox 952 883 1006 948; x_wconf 83' lang='lat' dir='ltr'>me</span> <span class='ocrx_word' id='word_1_33' title='bbox 1035 859 1164 946; x_wconf 88' lang='lat' dir='ltr'>speres”</span> <span class='ocrx_word' id='word_1_34' title='bbox 1188 867 1275 938; x_wconf 76' lang='lat' dir='ltr'>ceth,</span> <span class='ocrx_word' id='word_1_35' title='bbox 1299 861 1354 926; x_wconf 91' lang='lat' dir='ltr'>sed</span> <span class='ocrx_word' id='word_1_36' title='bbox 1380 863 1480 926; x_wconf 87' lang='lat' dir='ltr'>etiam</span> <span class='ocrx_word' id='word_1_37' title='bbox 1506 860 1563 940; x_wconf 85' lang='grc'>(1),</span> 
     </span>
     <span class='ocr_line' id='line_1_6' title="bbox 368 965 1563 1053; baseline 0.001 -24"><span class='ocrx_word' id='word_1_38' title='bbox 368 968 415 1030; x_wconf 88' lang='lat' dir='ltr'>ita</span> <span class='ocrx_word' id='word_1_39' title='bbox 445 972 482 1030; x_wconf 90' lang='lat' dir='ltr'>ut</span> <span class='ocrx_word' id='word_1_40' title='bbox 512 969 543 1030; x_wconf 94' lang='lat' dir='ltr'>in</span> <span class='ocrx_word' id='word_1_41' title='bbox 576 965 623 1045; x_wconf 88' lang='grc'>(5)</span> <span class='ocrx_word' id='word_1_42' title='bbox 655 967 842 1051; x_wconf 88' lang='lat' dir='ltr'>respondeat</span> <span class='ocrx_word' id='word_1_43' title='bbox 871 969 1049 1053; x_wconf 80' lang='lat' dir='ltr'>rogationi,</span> <span class='ocrx_word' id='word_1_44' title='bbox 1084 988 1181 1053; x_wconf 91' lang='lat' dir='ltr'>quam</span> <span class='ocrx_word' id='word_1_45' title='bbox 1211 969 1280 1052; x_wconf 90' lang='lat' dir='ltr'>ipse</span> <span class='ocrx_word' id='word_1_46' title='bbox 1314 969 1423 1052; x_wconf 84' lang='lat' dir='ltr'>posuit</span> <span class='ocrx_word' id='word_1_47' title='bbox 1446 969 1478 1030; x_wconf 92' lang='lat' dir='ltr'>in</span> <span class='ocrx_word' id='word_1_48' title='bbox 1504 967 1563 1047; x_wconf 93' lang='grc'>(1).</span> 
     </span>
     <span class='ocr_line' id='line_1_7' title="bbox 370 1070 1563 1156; baseline 0.002 -22"><span class='ocrx_word' id='word_1_49' title='bbox 370 1070 431 1135; x_wconf 86' lang='lat' dir='ltr'>His</span> <span class='ocrx_word' id='word_1_50' title='bbox 464 1074 656 1156; x_wconf 82' lang='lat' dir='ltr'>interposuit</span> <span class='ocrx_word' id='word_1_51' title='bbox 691 1072 804 1137; x_wconf 79' lang='lat' dir='ltr'>Editor</span> <span class='ocrx_word' id='word_1_52' title='bbox 837 1093 930 1137; x_wconf 89' lang='lat' dir='ltr'>suam</span> <span class='ocrx_word' id='word_1_53' title='bbox 964 1074 1182 1150; x_wconf 89' lang='lat' dir='ltr'>coniecturam</span> <span class='ocrx_word' id='word_1_54' title='bbox 1218 1072 1266 1152; x_wconf 96' lang='grc'>(2)</span> <span class='ocrx_word' id='word_1_55' title='bbox 1284 1073 1317 1151; x_wconf 90' lang='lat'>¹),</span> <span class='ocrx_word' id='word_1_56' title='bbox 1354 1074 1407 1137; x_wconf 97' lang='lat' dir='ltr'>cui</span> <span class='ocrx_word' id='word_1_57' title='bbox 1444 1070 1563 1137; x_wconf 93' lang='lat' dir='ltr'>scholio</span> 
     </span>
     <span class='ocr_line' id='line_1_8' title="bbox 367 1174 1565 1265; baseline 0.001 -25"><span class='ocrx_word' id='word_1_58' title='bbox 367 1182 478 1262; x_wconf 88' lang='lat' dir='ltr'>postea</span> <span class='ocrx_word' id='word_1_59' title='bbox 508 1174 706 1263; x_wconf 84' lang='lat' dir='ltr'>Gompilator</span> <span class='ocrx_word' id='word_1_60' title='bbox 736 1178 857 1243; x_wconf 87' lang='lat' dir='ltr'>addidit</span> <span class='ocrx_word' id='word_1_61' title='bbox 888 1177 1011 1244; x_wconf 90' lang='lat' dir='ltr'>similes</span> <span class='ocrx_word' id='word_1_62' title='bbox 1042 1181 1274 1265; x_wconf 81' lang='lat' dir='ltr'>magistrorum</span> <span class='ocrx_word' id='word_1_63' title='bbox 1306 1180 1505 1243; x_wconf 88' lang='lat' dir='ltr'>coniecturas</span> <span class='ocrx_word' id='word_1_64' title='bbox 1531 1179 1565 1241; x_wconf 94' lang='lat' dir='ltr'>in</span> 
     </span>
     <span class='ocr_line' id='line_1_9' title="bbox 368 1281 1565 1369; baseline -0.001 -22"><span class='ocrx_word' id='word_1_65' title='bbox 368 1281 475 1368; x_wconf 92' lang='lat' dir='ltr'>aliquo</span> <span class='ocrx_word' id='word_1_66' title='bbox 506 1286 651 1368; x_wconf 80' lang='lat' dir='ltr'>margine</span> <span class='ocrx_word' id='word_1_67' title='bbox 682 1290 822 1369; x_wconf 88' lang='lat' dir='ltr'>repertas</span> <span class='ocrx_word' id='word_1_68' title='bbox 853 1283 900 1362; x_wconf 83' lang='grc'>(3)</span> <span class='ocrx_word' id='word_1_69' title='bbox 924 1290 956 1348; x_wconf 91' lang='lat' dir='ltr'>et</span> <span class='ocrx_word' id='word_1_70' title='bbox 980 1284 1037 1364; x_wconf 86' lang='grc'>(4).</span> <span class='ocrx_word' id='word_1_71' title='bbox 1108 1283 1254 1350; x_wconf 87' lang='lat' dir='ltr'>Alteram</span> <span class='ocrx_word' id='word_1_72' title='bbox 1281 1283 1565 1369; x_wconf 87' lang='lat' dir='ltr'>interpolationem</span> 
     </span>
     <span class='ocr_line' id='line_1_10' title="bbox 369 1386 1567 1474; baseline 0 -23"><span class='ocrx_word' id='word_1_73' title='bbox 369 1386 592 1473; x_wconf 89' lang='lat' dir='ltr'>philosopham</span> <span class='ocrx_word' id='word_1_74' title='bbox 622 1387 748 1454; x_wconf 91' lang='lat' dir='ltr'>lineolis</span> <span class='ocrx_word' id='word_1_75' title='bbox 780 1389 912 1453; x_wconf 86' lang='lat' dir='ltr'>distinxi</span> <span class='ocrx_word' id='word_1_76' title='bbox 942 1391 976 1453; x_wconf 91' lang='lat' dir='ltr'>in</span> <span class='ocrx_word' id='word_1_77' title='bbox 1007 1387 1056 1469; x_wconf 84' lang='grc'>(7)</span> <span class='ocrx_word' id='word_1_78' title='bbox 1088 1393 1121 1454; x_wconf 90' lang='lat' dir='ltr'>et</span> <span class='ocrx_word' id='word_1_79' title='bbox 1151 1389 1209 1469; x_wconf 84' lang='grc'>(8),</span> <span class='ocrx_word' id='word_1_80' title='bbox 1236 1410 1299 1474; x_wconf 91' lang='lat' dir='ltr'>qua</span> <span class='ocrx_word' id='word_1_81' title='bbox 1323 1388 1372 1453; x_wconf 94' lang='lat' dir='ltr'>IP</span> <span class='ocrx_word' id='word_1_82' title='bbox 1397 1388 1567 1472; x_wconf 79' lang='lat' dir='ltr'>discerpsit</span> 
     </span>
     <span class='ocr_line' id='line_1_11' title="bbox 369 1493 1565 1580; baseline -0.001 -22"><span class='ocrx_word' id='word_1_83' title='bbox 369 1496 558 1558; x_wconf 91' lang='lat' dir='ltr'>continuum</span> <span class='ocrx_word' id='word_1_84' title='bbox 589 1494 706 1558; x_wconf 91' lang='lat' dir='ltr'>Donati</span> <span class='ocrx_word' id='word_1_85' title='bbox 739 1494 916 1559; x_wconf 91' lang='lat' dir='ltr'>scholium:</span> <span class='ocrx_word' id='word_1_86' title='bbox 951 1501 1039 1572; x_wconf 87' lang='lat' dir='ltr'>„toto</span> <span class='ocrx_word' id='word_1_87' title='bbox 1071 1497 1195 1560; x_wconf 87' lang='lat' dir='ltr'>animo:</span> <span class='ocrx_word' id='word_1_88' title='bbox 1228 1495 1313 1580; x_wconf 91' lang='lat' dir='ltr'>quod</span> <span class='ocrx_word' id='word_1_89' title='bbox 1344 1493 1435 1580; x_wconf 87' lang='lat' dir='ltr'>ipse’&#39;</span> <span class='ocrx_word' id='word_1_90' title='bbox 1470 1499 1565 1570; x_wconf 81' lang='lat' dir='ltr'>cett,</span> 
     </span>
     <span class='ocr_line' id='line_1_12' title="bbox 369 1599 1568 1686; baseline 0 -24"><span class='ocrx_word' id='word_1_91' title='bbox 369 1620 529 1685; x_wconf 89' lang='lat' dir='ltr'>quamque</span> <span class='ocrx_word' id='word_1_92' title='bbox 559 1599 728 1664; x_wconf 89' lang='lat' dir='ltr'>artificiose</span> <span class='ocrx_word' id='word_1_93' title='bbox 760 1621 815 1686; x_wconf 91' lang='lat' dir='ltr'>per</span> <span class='ocrx_word' id='word_1_94' title='bbox 845 1622 924 1678; x_wconf 82' lang='lat' dir='ltr'>acm,</span> <span class='ocrx_word' id='word_1_95' title='bbox 956 1606 986 1664; x_wconf 82' lang='lat' dir='ltr'>et</span> <span class='ocrx_word' id='word_1_96' title='bbox 1007 1599 1098 1664; x_wconf 72' lang='lat' dir='ltr'>abaci</span> <span class='ocrx_word' id='word_1_97' title='bbox 1119 1602 1292 1665; x_wconf 83' lang='lat' dir='ltr'>connexuit</span> <span class='ocrx_word' id='word_1_98' title='bbox 1315 1620 1389 1665; x_wconf 92' lang='lat' dir='ltr'>cum</span> <span class='ocrx_word' id='word_1_99' title='bbox 1414 1601 1510 1664; x_wconf 90' lang='lat' dir='ltr'>initio</span> <span class='ocrx_word' id='word_1_100' title='bbox 1536 1603 1568 1664; x_wconf 89' lang='lat' dir='ltr'>et</span> 
     </span>
     <span class='ocr_line' id='line_1_13' title="bbox 369 1693 1109 1771; baseline 0.004 -1"><span class='ocrx_word' id='word_1_101' title='bbox 369 1704 430 1770; x_wconf 88' lang='lat' dir='ltr'>fine</span> <span class='ocrx_word' id='word_1_102' title='bbox 455 1705 642 1771; x_wconf 89' lang='lat' dir='ltr'>Donatianc.</span> <span class='ocrx_word' id='word_1_103' title='bbox 1106 1693 1109 1699; x_wconf 43' lang='lat'><strong><em>¹</em></strong></span> 
     </span>
    </p>

    <p class='ocr_par' dir='ltr' id='par_1_3' title="bbox 415 1810 1567 1898">
     <span class='ocr_line' id='line_1_14' title="bbox 415 1810 1567 1898; baseline 0 -22"><span class='ocrx_word' id='word_1_104' title='bbox 415 1811 531 1876; x_wconf 82' lang='lat' dir='ltr'>Sebb.</span> <span class='ocrx_word' id='word_1_105' title='bbox 552 1832 719 1898; x_wconf 87' lang='lat' dir='ltr'>perperam</span> <span class='ocrx_word' id='word_1_106' title='bbox 739 1810 862 1876; x_wconf 86' lang='lat' dir='ltr'>Donato</span> <span class='ocrx_word' id='word_1_107' title='bbox 884 1810 1022 1876; x_wconf 84' lang='lat' dir='ltr'>detraxit</span> <span class='ocrx_word' id='word_1_108' title='bbox 1042 1812 1090 1892; x_wconf 91' lang='grc'>(1)</span> <span class='ocrx_word' id='word_1_109' title='bbox 1111 1817 1143 1876; x_wconf 91' lang='lat' dir='ltr'>et</span> <span class='ocrx_word' id='word_1_110' title='bbox 1163 1811 1211 1892; x_wconf 90' lang='grc'>(8)</span> <span class='ocrx_word' id='word_1_111' title='bbox 1233 1813 1325 1897; x_wconf 90' lang='lat' dir='ltr'>eique</span> <span class='ocrx_word' id='word_1_112' title='bbox 1338 1814 1494 1877; x_wconf 86' lang='lat' dir='ltr'>concessit</span> <span class='ocrx_word' id='word_1_113' title='bbox 1507 1810 1567 1891; x_wconf 77' lang='grc'>(7).</span> 
     </span>
    </p>

    <p class='ocr_par' dir='ltr' id='par_1_4' title="bbox 415 1916 1245 2003">
     <span class='ocr_line' id='line_1_15' title="bbox 415 1916 1245 2003; baseline 0.001 -22"><span class='ocrx_word' id='word_1_114' title='bbox 415 1916 494 1982; x_wconf 93' lang='lat' dir='ltr'>Ibid.</span> <span class='ocrx_word' id='word_1_115' title='bbox 522 1917 586 1982; x_wconf 88' lang='grc'>120</span> <span class='ocrx_word' id='word_1_116' title='bbox 617 1918 728 2003; x_wconf 85' lang='lat' dir='ltr'>Neque</span> <span class='ocrx_word' id='word_1_117' title='bbox 751 1938 804 1982; x_wconf 89' lang='lat' dir='ltr'>me</span> <span class='ocrx_word' id='word_1_118' title='bbox 827 1916 953 1982; x_wconf 81' lang='lat' dir='ltr'>finxisse</span> <span class='ocrx_word' id='word_1_119' title='bbox 979 1917 1051 1982; x_wconf 88' lang='lat' dir='ltr'>falsi</span> <span class='ocrx_word' id='word_1_120' title='bbox 1074 1919 1245 2003; x_wconf 90' lang='lat' dir='ltr'>quicquam</span> 
     </span>
    </p>

    <p class='ocr_par' dir='ltr' id='par_1_5' title="bbox 415 2021 1470 2110">
     <span class='ocr_line' id='line_1_16' title="bbox 415 2021 1470 2110; baseline -0.001 -22"><span class='ocrx_word' id='word_1_121' title='bbox 415 2023 514 2089; x_wconf 88' lang='lat' dir='ltr'>Don.:</span> <span class='ocrx_word' id='word_1_122' title='bbox 538 2025 597 2110; x_wconf 84' lang='lat'>(1).</span> <span class='ocrx_word' id='word_1_123' title='bbox 630 2026 696 2088; x_wconf 88' lang='lat' dir='ltr'>Aut</span> <span class='ocrx_word' id='word_1_124' title='bbox 720 2023 836 2087; x_wconf 85' lang='lat' dir='ltr'>dixisse</span> <span class='ocrx_word' id='word_1_125' title='bbox 856 2021 966 2088; x_wconf 86' lang='lat' dir='ltr'>debuit</span> <span class='ocrx_word' id='word_1_126' title='bbox 990 2023 1070 2100; x_wconf 90' lang='lat' dir='ltr'>dici,</span> <span class='ocrx_word' id='word_1_127' title='bbox 1096 2031 1152 2089; x_wconf 91' lang='lat' dir='ltr'>aut</span> <span class='ocrx_word' id='word_1_128' title='bbox 1176 2023 1317 2088; x_wconf 86' lang='lat' dir='ltr'>abundat</span> <span class='ocrx_word' id='word_1_129' title='bbox 1342 2022 1470 2100; x_wconf 86' lang='lat' dir='ltr'>„falsi”.</span> 
     </span>
    </p>

    <p class='ocr_par' dir='ltr' id='par_1_6' title="bbox 370 2129 1566 2216">
     <span class='ocr_line' id='line_1_17' title="bbox 370 2129 1566 2216; baseline 0.001 -23"><span class='ocrx_word' id='word_1_130' title='bbox 370 2129 440 2194; x_wconf 91' lang='lat' dir='ltr'>Hoc</span> <span class='ocrx_word' id='word_1_131' title='bbox 464 2129 513 2193; x_wconf 91' lang='grc' dir='ltr'>ΙΡ</span> <span class='ocrx_word' id='word_1_132' title='bbox 536 2133 749 2216; x_wconf 79' lang='lat' dir='ltr'>incogitanter</span> <span class='ocrx_word' id='word_1_133' title='bbox 772 2132 818 2193; x_wconf 90' lang='lat' dir='ltr'>ita</span> <span class='ocrx_word' id='word_1_134' title='bbox 840 2131 994 2194; x_wconf 84' lang='lat' dir='ltr'>correxit:</span> <span class='ocrx_word' id='word_1_135' title='bbox 1021 2129 1069 2214; x_wconf 92' lang='grc'>(2)</span> <span class='ocrx_word' id='word_1_136' title='bbox 1094 2129 1261 2205; x_wconf 87' lang='lat' dir='ltr'>antideo,</span> <span class='ocrx_word' id='word_1_137' title='bbox 1287 2133 1363 2215; x_wconf 86' lang='lat' dir='ltr'>quia</span> <span class='ocrx_word' id='word_1_138' title='bbox 1386 2136 1419 2194; x_wconf 89' lang='lat' dir='ltr'>et</span> <span class='ocrx_word' id='word_1_139' title='bbox 1443 2151 1566 2194; x_wconf 89' lang='lat' dir='ltr'>vanum</span> 
     </span>
    </p>
   </div>
   <div class='ocr_carea' id='block_1_3' title="bbox 370 2234 1567 2426">
    <p class='ocr_par' dir='ltr' id='par_1_7' title="bbox 370 2234 1567 2426">
     <span class='ocr_line' id='line_1_18' title="bbox 370 2234 1567 2321; baseline 0.001 -23"><span class='ocrx_word' id='word_1_140' title='bbox 370 2234 491 2320; x_wconf 90' lang='lat' dir='ltr'>aliquid</span> <span class='ocrx_word' id='word_1_141' title='bbox 516 2235 595 2321; x_wconf 81' lang='lat' dir='ltr'>fingi</span> <span class='ocrx_word' id='word_1_142' title='bbox 617 2238 741 2321; x_wconf 91' lang='lat' dir='ltr'>potuit,</span> <span class='ocrx_word' id='word_1_143' title='bbox 767 2241 803 2299; x_wconf 91' lang='lat' dir='ltr'>ut</span> <span class='ocrx_word' id='word_1_144' title='bbox 827 2256 923 2320; x_wconf 90' lang='lat' dir='ltr'>supra</span> <span class='ocrx_word' id='word_1_145' title='bbox 948 2236 997 2313; x_wconf 85' lang='lat' dir='ltr'>„si</span> <span class='ocrx_word' id='word_1_146' title='bbox 1023 2255 1139 2300; x_wconf 87' lang='lat' dir='ltr'>vanum</span> <span class='ocrx_word' id='word_1_147' title='bbox 1161 2241 1218 2300; x_wconf 88' lang='lat' dir='ltr'>aut</span> <span class='ocrx_word' id='word_1_148' title='bbox 1236 2234 1355 2301; x_wconf 88' lang='lat' dir='ltr'>falsum</span> <span class='ocrx_word' id='word_1_149' title='bbox 1376 2242 1433 2300; x_wconf 90' lang='lat' dir='ltr'>aut</span> <span class='ocrx_word' id='word_1_150' title='bbox 1453 2235 1567 2300; x_wconf 91' lang='lat' dir='ltr'>fictum</span> 
     </span>
     <span class='ocr_line' id='line_1_19' title="bbox 371 2340 1521 2426; baseline 0.001 -20"><span class='ocrx_word' id='word_1_151' title='bbox 371 2340 439 2406; x_wconf 87' lang='lat' dir='ltr'>est&#39;’</span> <span class='ocrx_word' id='word_1_152' title='bbox 465 2344 526 2426; x_wconf 88' lang='lat' dir='ltr'>(vs.</span> <span class='ocrx_word' id='word_1_153' title='bbox 552 2341 620 2426; x_wconf 83' lang='lat'>24).</span> <span class='ocrx_word' id='word_1_154' title='bbox 1435 2341 1469 2406; x_wconf 78' lang='lat' dir='ltr'>S.</span> <span class='ocrx_word' id='word_1_155' title='bbox 1493 2363 1521 2407; x_wconf 88' lang='lat' dir='ltr'>c.</span> 
     </span>
    </p>
   </div>
   <div class='ocr_carea' id='block_1_4' title="bbox 369 2553 1568 3698">
    <p class='ocr_par' dir='ltr' id='par_1_8' title="bbox 415 2553 1167 2641">
     <span class='ocr_line' id='line_1_20' title="bbox 415 2553 1167 2641; baseline 0.001 -23"><span class='ocrx_word' id='word_1_156' title='bbox 415 2553 447 2618; x_wconf 86' lang='lat' dir='ltr'>ll</span> <span class='ocrx_word' id='word_1_157' title='bbox 473 2554 536 2619; x_wconf 86' lang='lat'>1.3</span> <span class='ocrx_word' id='word_1_158' title='bbox 566 2555 635 2632; x_wconf 88' lang='lat' dir='ltr'>Ah,</span> <span class='ocrx_word' id='word_1_159' title='bbox 660 2557 816 2641; x_wconf 81' lang='lat' dir='ltr'>rogitare,</span> <span class='ocrx_word' id='word_1_160' title='bbox 842 2557 932 2640; x_wconf 89' lang='lat' dir='ltr'>quasi</span> <span class='ocrx_word' id='word_1_161' title='bbox 956 2554 1085 2620; x_wconf 91' lang='lat' dir='ltr'>difficile</span> <span class='ocrx_word' id='word_1_162' title='bbox 1107 2553 1167 2619; x_wconf 86' lang='lat' dir='ltr'>siti</span> 
     </span>
    </p>

    <p class='ocr_par' dir='ltr' id='par_1_9' title="bbox 416 2659 1420 2747">
     <span class='ocr_line' id='line_1_21' title="bbox 416 2659 1420 2747; baseline 0.002 -23"><span class='ocrx_word' id='word_1_163' title='bbox 416 2660 464 2740; x_wconf 90' lang='grc'>(1)</span> <span class='ocrx_word' id='word_1_164' title='bbox 489 2661 585 2726; x_wconf 88' lang='lat' dir='ltr'>Deest</span> <span class='ocrx_word' id='word_1_165' title='bbox 611 2661 700 2739; x_wconf 86' lang='lat' dir='ltr'>„vis”</span> <span class='ocrx_word' id='word_1_166' title='bbox 725 2659 779 2726; x_wconf 83' lang='lat' dir='ltr'>vel</span> <span class='ocrx_word' id='word_1_167' title='bbox 804 2661 967 2747; x_wconf 81' lang='lat' dir='ltr'>„pergis&#39;&#39;,</span> <span class='ocrx_word' id='word_1_168' title='bbox 992 2663 1111 2726; x_wconf 85' lang='lat' dir='ltr'>nteit:</span> <span class='ocrx_word' id='word_1_169' title='bbox 1137 2663 1278 2746; x_wconf 82' lang='lat' dir='ltr'>rogitare</span> <span class='ocrx_word' id='word_1_170' title='bbox 1303 2663 1420 2747; x_wconf 78' lang='lat' dir='ltr'>pergis.</span> 
     </span>
    </p>

    <p class='ocr_par' dir='ltr' id='par_1_10' title="bbox 371 2765 1568 2958">
     <span class='ocr_line' id='line_1_22' title="bbox 416 2765 1568 2852; baseline 0.004 -23"><span class='ocrx_word' id='word_1_171' title='bbox 416 2765 463 2845; x_wconf 92' lang='grc'>(2)</span> <span class='ocrx_word' id='word_1_172' title='bbox 487 2765 544 2831; x_wconf 85' lang='lat' dir='ltr'>Vel</span> <span class='ocrx_word' id='word_1_173' title='bbox 569 2765 655 2843; x_wconf 88' lang='lat' dir='ltr'>„sa&#39;’,</span> <span class='ocrx_word' id='word_1_174' title='bbox 679 2768 708 2831; x_wconf 94' lang='lat' dir='ltr'>si</span> <span class='ocrx_word' id='word_1_175' title='bbox 730 2768 839 2852; x_wconf 91' lang='lat' dir='ltr'>ipsum</span> <span class='ocrx_word' id='word_1_176' title='bbox 863 2768 1009 2852; x_wconf 87' lang='lat' dir='ltr'>respicit,</span> <span class='ocrx_word' id='word_1_177' title='bbox 1034 2766 1086 2831; x_wconf 88' lang='lat' dir='ltr'>vel</span> <span class='ocrx_word' id='word_1_178' title='bbox 1111 2766 1250 2845; x_wconf 87' lang='lat' dir='ltr'>,‚hunc&#39;&#39;,</span> <span class='ocrx_word' id='word_1_179' title='bbox 1282 2770 1311 2832; x_wconf 92' lang='lat' dir='ltr'>si</span> <span class='ocrx_word' id='word_1_180' title='bbox 1333 2788 1465 2833; x_wconf 86' lang='lat' dir='ltr'>aversus</span> <span class='ocrx_word' id='word_1_181' title='bbox 1490 2769 1568 2834; x_wconf 91' lang='lat' dir='ltr'>haec</span> 
     </span>
     <span class='ocr_line' id='line_1_23' title="bbox 371 2870 1291 2958; baseline 0.002 -23"><span class='ocrx_word' id='word_1_182' title='bbox 371 2870 464 2950; x_wconf 88' lang='lat' dir='ltr'>dicit,</span> <span class='ocrx_word' id='word_1_183' title='bbox 489 2876 527 2936; x_wconf 91' lang='lat' dir='ltr'>ut</span> <span class='ocrx_word' id='word_1_184' title='bbox 550 2874 609 2936; x_wconf 90' lang='lat' dir='ltr'>sit:</span> <span class='ocrx_word' id='word_1_185' title='bbox 635 2874 796 2958; x_wconf 80' lang='lat' dir='ltr'>„rogitare</span> <span class='ocrx_word' id='word_1_186' title='bbox 822 2871 874 2937; x_wconf 90' lang='lat' dir='ltr'>te’&#39;</span> <span class='ocrx_word' id='word_1_187' title='bbox 899 2879 955 2936; x_wconf 91' lang='lat' dir='ltr'>aut</span> <span class='ocrx_word' id='word_1_188' title='bbox 981 2875 1143 2958; x_wconf 82' lang='lat' dir='ltr'>„rogitare</span> <span class='ocrx_word' id='word_1_189' title='bbox 1167 2871 1291 2938; x_wconf 87' lang='lat' dir='ltr'>hunc”t</span> 
     </span>
    </p>

    <p class='ocr_par' dir='ltr' id='par_1_11' title="bbox 369 2977 1566 3487">
     <span class='ocr_line' id='line_1_24' title="bbox 416 2977 1566 3066; baseline 0.003 -25"><span class='ocrx_word' id='word_1_190' title='bbox 416 2977 464 3058; x_wconf 86' lang='lat'>(3)</span> <span class='ocrx_word' id='word_1_191' title='bbox 495 2977 538 3042; x_wconf 80' lang='grc' dir='ltr'>Ε)</span> <span class='ocrx_word' id='word_1_192' title='bbox 573 2979 776 3043; x_wconf 86' lang='lat' dir='ltr'>distinctions</span> <span class='ocrx_word' id='word_1_193' title='bbox 810 2979 997 3064; x_wconf 90' lang='lat' dir='ltr'>interposita</span> <span class='ocrx_word' id='word_1_194' title='bbox 1028 2977 1230 3044; x_wconf 89' lang='lat' dir='ltr'>inferendum</span> <span class='ocrx_word' id='word_1_195' title='bbox 1263 2978 1413 3044; x_wconf 86' lang='lat' dir='ltr'>vultuose</span> <span class='ocrx_word' id='word_1_196' title='bbox 1451 2982 1566 3066; x_wconf 90' lang='lat' dir='ltr'>„quasi</span> 
     </span>
     <span class='ocr_line' id='line_1_25' title="bbox 371 3081 1564 3172; baseline 0.004 -25"><span class='ocrx_word' id='word_1_197' title='bbox 371 3082 497 3148; x_wconf 89' lang='lat' dir='ltr'>difficile</span> <span class='ocrx_word' id='word_1_198' title='bbox 516 3081 579 3147; x_wconf 83' lang='lat' dir='ltr'>sit”</span> <span class='ocrx_word' id='word_1_199' title='bbox 601 3083 769 3158; x_wconf 76' lang='lat' dir='ltr'>(scilicet)</span> <span class='ocrx_word' id='word_1_200' title='bbox 790 3084 823 3148; x_wconf 94' lang='lat' dir='ltr'>id</span> <span class='ocrx_word' id='word_1_201' title='bbox 843 3084 926 3169; x_wconf 91' lang='lat' dir='ltr'>quod</span> <span class='ocrx_word' id='word_1_202' title='bbox 946 3083 1084 3150; x_wconf 89' lang='lat' dir='ltr'>mandat.</span> <span class='ocrx_word' id='word_1_203' title='bbox 1107 3084 1156 3149; x_wconf 89' lang='lat' dir='ltr'>lta</span> <span class='ocrx_word' id='word_1_204' title='bbox 1173 3088 1233 3168; x_wconf 87' lang='lat' dir='ltr'>[et]</span> <span class='ocrx_word' id='word_1_205' title='bbox 1253 3087 1407 3172; x_wconf 88' lang='lat' dir='ltr'>ineptiam</span> <span class='ocrx_word' id='word_1_206' title='bbox 1428 3088 1564 3152; x_wconf 89' lang='lat' dir='ltr'>nimiam</span> 
     </span>
     <span class='ocr_line' id='line_1_26' title="bbox 370 3189 1562 3276; baseline 0.003 -22"><span class='ocrx_word' id='word_1_207' title='bbox 370 3192 453 3255; x_wconf 90' lang='lat' dir='ltr'>circa</span> <span class='ocrx_word' id='word_1_208' title='bbox 479 3190 555 3255; x_wconf 88' lang='lat' dir='ltr'>haec</span> <span class='ocrx_word' id='word_1_209' title='bbox 579 3189 708 3256; x_wconf 88' lang='lat' dir='ltr'>solliciti</span> <span class='ocrx_word' id='word_1_210' title='bbox 731 3192 881 3256; x_wconf 87' lang='lat' dir='ltr'>amatoris</span> <span class='ocrx_word' id='word_1_211' title='bbox 905 3192 1072 3276; x_wconf 81' lang='lat' dir='ltr'>expressit.</span> <span class='ocrx_word' id='word_1_212' title='bbox 1098 3228 1139 3238; x_wconf 95' lang='lat'>-</span> <span class='ocrx_word' id='word_1_213' title='bbox 1164 3197 1196 3256; x_wconf 89' lang='lat' dir='ltr'>et</span> <span class='ocrx_word' id='word_1_214' title='bbox 1220 3191 1360 3256; x_wconf 91' lang='lat' dir='ltr'>ostendit</span> <span class='ocrx_word' id='word_1_215' title='bbox 1386 3191 1470 3257; x_wconf 91' lang='lat' dir='ltr'>nihil</span> <span class='ocrx_word' id='word_1_216' title='bbox 1495 3214 1562 3258; x_wconf 90' lang='lat' dir='ltr'>esse</span> 
     </span>
     <span class='ocr_line' id='line_1_27' title="bbox 369 3294 1564 3381; baseline 0.002 -21"><span class='ocrx_word' id='word_1_217' title='bbox 369 3294 511 3373; x_wconf 88' lang='lat' dir='ltr'>facilius,</span> <span class='ocrx_word' id='word_1_218' title='bbox 536 3316 633 3381; x_wconf 90' lang='lat' dir='ltr'>quam</span> <span class='ocrx_word' id='word_1_219' title='bbox 656 3295 809 3361; x_wconf 88' lang='lat' dir='ltr'>deducere</span> <span class='ocrx_word' id='word_1_220' title='bbox 833 3295 872 3361; x_wconf 85' lang='lat' dir='ltr'>ad</span> <span class='ocrx_word' id='word_1_221' title='bbox 897 3298 1097 3361; x_wconf 85' lang='lat' dir='ltr'>meretricem</span> <span class='ocrx_word' id='word_1_222' title='bbox 1120 3317 1271 3375; x_wconf 87' lang='lat' dir='ltr'>munera,</span> <span class='ocrx_word' id='word_1_223' title='bbox 1296 3318 1369 3362; x_wconf 93' lang='lat' dir='ltr'>cum</span> <span class='ocrx_word' id='word_1_224' title='bbox 1394 3304 1504 3362; x_wconf 90' lang='lat' dir='ltr'>contra</span> <span class='ocrx_word' id='word_1_225' title='bbox 1527 3297 1564 3362; x_wconf 93' lang='lat' dir='ltr'>il-</span> 
     </span>
     <span class='ocr_line' id='line_1_28' title="bbox 369 3400 1265 3487; baseline 0.002 -21"><span class='ocrx_word' id='word_1_226' title='bbox 369 3401 427 3467; x_wconf 92' lang='lat' dir='ltr'>lud</span> <span class='ocrx_word' id='word_1_227' title='bbox 450 3405 493 3470; x_wconf 92' lang='lat' dir='ltr'>sit</span> <span class='ocrx_word' id='word_1_228' title='bbox 516 3401 761 3479; x_wconf 87' lang='lat' dir='ltr'>difficillimum,</span> <span class='ocrx_word' id='word_1_229' title='bbox 785 3405 925 3487; x_wconf 91' lang='lat' dir='ltr'>poscenti</span> <span class='ocrx_word' id='word_1_230' title='bbox 948 3400 1071 3486; x_wconf 87' lang='lat' dir='ltr'>aliquid</span> <span class='ocrx_word' id='word_1_231' title='bbox 1095 3423 1157 3467; x_wconf 90' lang='lat' dir='ltr'>non</span> <span class='ocrx_word' id='word_1_232' title='bbox 1182 3403 1265 3469; x_wconf 89' lang='lat' dir='ltr'>dare.</span> 
     </span>
    </p>

    <p class='ocr_par' dir='ltr' id='par_1_12' title="bbox 370 3507 1563 3698">
     <span class='ocr_line' id='line_1_29' title="bbox 416 3507 1563 3594; baseline 0.002 -22"><span class='ocrx_word' id='word_1_233' title='bbox 416 3508 465 3588; x_wconf 86' lang='grc'>(4)</span> <span class='ocrx_word' id='word_1_234' title='bbox 497 3507 692 3594; x_wconf 85' lang='lat' dir='ltr'>„Rogitara”</span> <span class='ocrx_word' id='word_1_235' title='bbox 723 3507 915 3572; x_wconf 87' lang='lat' dir='ltr'>subauditur</span> <span class='ocrx_word' id='word_1_236' title='bbox 945 3516 999 3585; x_wconf 88' lang='lat' dir='ltr'>„ta</span> <span class='ocrx_word' id='word_1_237' title='bbox 1033 3510 1152 3573; x_wconf 89' lang='lat' dir='ltr'>mirum</span> <span class='ocrx_word' id='word_1_238' title='bbox 1183 3507 1263 3586; x_wconf 90' lang='lat' dir='ltr'>est’&#39;,</span> <span class='ocrx_word' id='word_1_239' title='bbox 1290 3511 1402 3594; x_wconf 83' lang='lat' dir='ltr'>„quasi</span> <span class='ocrx_word' id='word_1_240' title='bbox 1434 3507 1563 3574; x_wconf 85' lang='lat' dir='ltr'>difficile</span> 
     </span>
     <span class='ocr_line' id='line_1_30' title="bbox 370 3612 894 3698; baseline 0.002 -20"><span class='ocrx_word' id='word_1_241' title='bbox 370 3612 433 3679; x_wconf 90' lang='lat' dir='ltr'>sit”</span> <span class='ocrx_word' id='word_1_242' title='bbox 460 3612 639 3698; x_wconf 89' lang='lat' dir='ltr'>„complere</span> <span class='ocrx_word' id='word_1_243' title='bbox 664 3612 748 3698; x_wconf 94' lang='lat' dir='ltr'>qnod</span> <span class='ocrx_word' id='word_1_244' title='bbox 770 3613 894 3679; x_wconf 85' lang='lat' dir='ltr'>iubes&#39;&#39;.</span> 
     </span>
    </p>
   </div>
   <div class='ocr_carea' id='block_1_5' title="bbox 369 3915 1564 4558">
    <p class='ocr_par' dir='ltr' id='par_1_13' title="bbox 370 3915 1564 4132">
     <span class='ocr_line' id='line_1_31' title="bbox 405 3915 1563 3983; baseline -0.002 -15"><span class='ocrx_word' id='word_1_245' title='bbox 405 3920 431 3980; x_wconf 89' lang='lat'>1)</span> <span class='ocrx_word' id='word_1_246' title='bbox 455 3917 491 3967; x_wconf 86' lang='lat' dir='ltr'>Ol.</span> <span class='ocrx_word' id='word_1_247' title='bbox 514 3918 558 3967; x_wconf 78' lang='lat' dir='ltr'>Ad.</span> <span class='ocrx_word' id='word_1_248' title='bbox 582 3915 621 3965; x_wconf 92' lang='lat'>111</span> <span class='ocrx_word' id='word_1_249' title='bbox 644 3916 710 3966; x_wconf 64' lang='grc'>223</span> <span class='ocrx_word' id='word_1_250' title='bbox 733 3917 766 3965; x_wconf 82' lang='lat' dir='ltr'>&#39;l&#39;a</span> <span class='ocrx_word' id='word_1_251' title='bbox 783 3915 858 3982; x_wconf 84' lang='lat' dir='ltr'>ipsam</span> <span class='ocrx_word' id='word_1_252' title='bbox 875 3916 992 3980; x_wconf 85' lang='lat' dir='ltr'>quaerito,</span> <span class='ocrx_word' id='word_1_253' title='bbox 1010 3919 1034 3966; x_wconf 87' lang='lat' dir='ltr'>te</span> <span class='ocrx_word' id='word_1_254' title='bbox 1051 3920 1160 3983; x_wconf 81' lang='lat' dir='ltr'>exspecto</span> <span class='ocrx_word' id='word_1_255' title='bbox 1177 3917 1265 3982; x_wconf 88' lang='lat' dir='ltr'>oppido</span> <span class='ocrx_word' id='word_1_256' title='bbox 1283 3920 1427 3983; x_wconf 88' lang='lat' dir='ltr'>opportune.</span> <span class='ocrx_word' id='word_1_257' title='bbox 1445 3919 1481 3966; x_wconf 77' lang='lat' dir='ltr'>Ad</span> <span class='ocrx_word' id='word_1_258' title='bbox 1500 3918 1563 3966; x_wconf 88' lang='lat' dir='ltr'>hooc</span> 
     </span>
     <span class='ocr_line' id='line_1_32' title="bbox 370 3999 1564 4066; baseline -0.002 -16"><span class='ocrx_word' id='word_1_259' title='bbox 370 4017 392 4051; x_wconf 88' lang='lat' dir='ltr'>v.</span> <span class='ocrx_word' id='word_1_260' title='bbox 418 4001 493 4050; x_wconf 74' lang='lat' dir='ltr'>Dora:</span> <span class='ocrx_word' id='word_1_261' title='bbox 518 4001 552 4063; x_wconf 80' lang='grc'>(2)</span> <span class='ocrx_word' id='word_1_262' title='bbox 571 4001 665 4048; x_wconf 89' lang='lat' dir='ltr'>lacerta</span> <span class='ocrx_word' id='word_1_263' title='bbox 682 3999 812 4058; x_wconf 90' lang='lat' dir='ltr'>distinctio,</span> <span class='ocrx_word' id='word_1_264' title='bbox 830 4001 913 4049; x_wconf 89' lang='lat' dir='ltr'>utrum</span> <span class='ocrx_word' id='word_1_265' title='bbox 933 4003 971 4048; x_wconf 63' lang='lat' dir='ltr'>uta</span> <span class='ocrx_word' id='word_1_266' title='bbox 988 4003 1096 4065; x_wconf 81' lang='lat' dir='ltr'>exspecto</span> <span class='ocrx_word' id='word_1_267' title='bbox 1113 4000 1216 4066; x_wconf 89' lang='lat' dir='ltr'>oppido”</span> <span class='ocrx_word' id='word_1_268' title='bbox 1239 4011 1293 4057; x_wconf 91' lang='lat' dir='ltr'>&lt;an</span> <span class='ocrx_word' id='word_1_269' title='bbox 1316 4000 1458 4066; x_wconf 65' lang='lat' dir='ltr'>‚oppido’&#39;&gt;</span> <span class='ocrx_word' id='word_1_270' title='bbox 1481 4015 1564 4066; x_wconf 86' lang='lat' dir='ltr'>oppor-</span> 
     </span>
     <span class='ocr_line' id='line_1_33' title="bbox 370 4082 628 4132; baseline -0.008 0"><span class='ocrx_word' id='word_1_271' title='bbox 370 4087 428 4132; x_wconf 87' lang='lat' dir='ltr'>tune</span> <span class='ocrx_word' id='word_1_272' title='bbox 445 4083 477 4132; x_wconf 87' lang='lat' dir='ltr'>sit</span> <span class='ocrx_word' id='word_1_273' title='bbox 494 4082 628 4131; x_wconf 88' lang='lat' dir='ltr'>dicendum.</span> 
     </span>
    </p>

    <p class='ocr_par' dir='ltr' id='par_1_14' title="bbox 369 4161 1564 4558">
     <span class='ocr_line' id='line_1_34' title="bbox 405 4161 1561 4228; baseline -0.002 -15"><span class='ocrx_word' id='word_1_274' title='bbox 405 4165 472 4213; x_wconf 91' lang='lat' dir='ltr'>Non</span> <span class='ocrx_word' id='word_1_275' title='bbox 497 4180 567 4213; x_wconf 88' lang='lat' dir='ltr'>raro</span> <span class='ocrx_word' id='word_1_276' title='bbox 597 4166 665 4213; x_wconf 83' lang='lat' dir='ltr'>uon.</span> <span class='ocrx_word' id='word_1_277' title='bbox 691 4161 895 4228; x_wconf 81' lang='lat' dir='ltr'>quaestiones</span> <span class='ocrx_word' id='word_1_278' title='bbox 922 4163 1030 4228; x_wconf 88' lang='lat' dir='ltr'>posuit</span> <span class='ocrx_word' id='word_1_279' title='bbox 1056 4162 1126 4213; x_wconf 86' lang='lat' dir='ltr'>sina</span> <span class='ocrx_word' id='word_1_280' title='bbox 1152 4163 1321 4213; x_wconf 88' lang='lat' dir='ltr'>decisione.</span> <span class='ocrx_word' id='word_1_281' title='bbox 1348 4164 1389 4212; x_wconf 89' lang='grc' dir='ltr'>ΙΡ</span> <span class='ocrx_word' id='word_1_282' title='bbox 1415 4179 1429 4212; x_wconf 85' lang='lat' dir='ltr'>a</span> <span class='ocrx_word' id='word_1_283' title='bbox 1452 4178 1561 4228; x_wconf 67' lang='lat' dir='ltr'>requae</span> 
     </span>
     <span class='ocr_line' id='line_1_35' title="bbox 370 4244 1564 4311; baseline -0.003 -15"><span class='ocrx_word' id='word_1_284' title='bbox 370 4246 458 4310; x_wconf 78' lang='lat' dir='ltr'>agitur,</span> <span class='ocrx_word' id='word_1_285' title='bbox 480 4245 575 4295; x_wconf 90' lang='lat' dir='ltr'>aberrat</span> <span class='ocrx_word' id='word_1_286' title='bbox 597 4249 622 4294; x_wconf 92' lang='lat' dir='ltr'>et</span> <span class='ocrx_word' id='word_1_287' title='bbox 644 4246 847 4311; x_wconf 86' lang='lat' dir='ltr'>opportunitatem</span> <span class='ocrx_word' id='word_1_288' title='bbox 865 4244 952 4310; x_wconf 87' lang='lat' dir='ltr'>arripit</span> <span class='ocrx_word' id='word_1_289' title='bbox 970 4244 1106 4294; x_wconf 77' lang='lat' dir='ltr'>inferendae</span> <span class='ocrx_word' id='word_1_290' title='bbox 1124 4245 1272 4294; x_wconf 82' lang='lat' dir='ltr'>differentiae</span> <span class='ocrx_word' id='word_1_291' title='bbox 1289 4245 1315 4294; x_wconf 92' lang='lat' dir='ltr'>in</span> <span class='ocrx_word' id='word_1_292' title='bbox 1332 4247 1368 4308; x_wconf 80' lang='grc'>(3)</span> <span class='ocrx_word' id='word_1_293' title='bbox 1392 4247 1429 4294; x_wconf 80' lang='lat' dir='ltr'>Aa</span> <span class='ocrx_word' id='word_1_294' title='bbox 1446 4260 1564 4310; x_wconf 84' lang='lat' dir='ltr'>exspec-</span> 
     </span>
     <span class='ocr_line' id='line_1_36' title="bbox 369 4325 1561 4392; baseline -0.002 -16"><span class='ocrx_word' id='word_1_295' title='bbox 369 4332 437 4377; x_wconf 85' lang='lat' dir='ltr'>tare</span> <span class='ocrx_word' id='word_1_296' title='bbox 463 4325 617 4392; x_wconf 87' lang='lat' dir='ltr'>impatienter</span> <span class='ocrx_word' id='word_1_297' title='bbox 642 4342 727 4392; x_wconf 90' lang='lat' dir='ltr'>cupere</span> <span class='ocrx_word' id='word_1_298' title='bbox 751 4329 776 4376; x_wconf 87' lang='lat' dir='ltr'>at</span> <span class='ocrx_word' id='word_1_299' title='bbox 801 4326 851 4375; x_wconf 89' lang='lat' dir='ltr'>sine</span> <span class='ocrx_word' id='word_1_300' title='bbox 877 4325 1062 4390; x_wconf 83' lang='lat' dir='ltr'>praescriptione</span> <span class='ocrx_word' id='word_1_301' title='bbox 1086 4327 1208 4392; x_wconf 87' lang='lat' dir='ltr'>temporis,</span> <span class='ocrx_word' id='word_1_302' title='bbox 1236 4341 1366 4392; x_wconf 85' lang='lat' dir='ltr'>sperare</span> <span class='ocrx_word' id='word_1_303' title='bbox 1390 4327 1456 4376; x_wconf 81' lang='lat' dir='ltr'>iuxta</span> <span class='ocrx_word' id='word_1_304' title='bbox 1472 4329 1561 4376; x_wconf 87' lang='lat' dir='ltr'>certam</span> 
     </span>
     <span class='ocr_line' id='line_1_37' title="bbox 370 4405 1560 4476; baseline -0.004 -16"><span class='ocrx_word' id='word_1_305' title='bbox 370 4411 480 4476; x_wconf 75' lang='lat' dir='ltr'>tempus?</span> <span class='ocrx_word' id='word_1_306' title='bbox 497 4409 559 4459; x_wconf 85' lang='lat' dir='ltr'>nude</span> <span class='ocrx_word' id='word_1_307' title='bbox 572 4412 670 4475; x_wconf 90' lang='lat' dir='ltr'>apparet</span> <span class='ocrx_word' id='word_1_308' title='bbox 684 4410 713 4459; x_wconf 89' lang='lat' dir='ltr'>ad</span> <span class='ocrx_word' id='word_1_309' title='bbox 734 4412 772 4458; x_wconf 62' lang='lat' dir='ltr'>‚te</span> <span class='ocrx_word' id='word_1_310' title='bbox 786 4405 909 4474; x_wconf 80' lang='lat' dir='ltr'>expecto”‚</span> <span class='ocrx_word' id='word_1_311' title='bbox 922 4408 979 4471; x_wconf 87' lang='lat' dir='ltr'>quia</span> <span class='ocrx_word' id='word_1_312' title='bbox 995 4423 1038 4474; x_wconf 88' lang='lat' dir='ltr'>per</span> <span class='ocrx_word' id='word_1_313' title='bbox 1055 4423 1079 4458; x_wconf 85' lang='lat' dir='ltr'>se</span> <span class='ocrx_word' id='word_1_314' title='bbox 1097 4407 1198 4460; x_wconf 90' lang='lat' dir='ltr'>nimium</span> <span class='ocrx_word' id='word_1_315' title='bbox 1216 4411 1266 4470; x_wconf 86' lang='lat' dir='ltr'>est,</span> <span class='ocrx_word' id='word_1_316' title='bbox 1285 4423 1334 4458; x_wconf 91' lang='lat' dir='ltr'>non</span> <span class='ocrx_word' id='word_1_317' title='bbox 1350 4423 1399 4457; x_wconf 87' lang='lat' dir='ltr'>esse</span> <span class='ocrx_word' id='word_1_318' title='bbox 1416 4407 1560 4472; x_wconf 79' lang='lat' dir='ltr'>iungendum</span> 
     </span>
     <span class='ocr_line' id='line_1_38' title="bbox 372 4487 987 4558; baseline -0.003 -16"><span class='ocrx_word' id='word_1_319' title='bbox 372 4489 499 4558; x_wconf 54' lang='lat' dir='ltr'>‚oppido’b</span> <span class='ocrx_word' id='word_1_320' title='bbox 551 4491 581 4541; x_wconf 90' lang='lat' dir='ltr'>In</span> <span class='ocrx_word' id='word_1_321' title='bbox 598 4489 726 4557; x_wconf 86' lang='lat' dir='ltr'>postremis</span> <span class='ocrx_word' id='word_1_322' title='bbox 744 4505 828 4541; x_wconf 84' lang='lat' dir='ltr'>revera</span> <span class='ocrx_word' id='word_1_323' title='bbox 844 4487 987 4540; x_wconf 86' lang='lat' dir='ltr'>hariolator.</span> 
     </span>
    </p>
   </div>
   <div class='ocr_carea' id='block_1_6' title="bbox 0 0 1714 5392">
    <p class='ocr_par' dir='ltr' id='par_1_15' title="bbox 0 0 1714 5392">
     <span class='ocr_line' id='line_1_39' title="bbox 0 0 1714 5392; baseline 0 0"><span class='ocrx_word' id='word_1_324' title='bbox 0 0 1714 5392; x_wconf 95' lang='lat' dir='ltr'> </span> 
     </span>
    </p>
   </div>
  </div>
 </body>
</html>
