3418 5392
673 409 828 458 nonsrns.
1305 391 1349 456 23

153 575 304 641 editionis
336 574 473 641 alicuius
504 575 713 641 Terentianae
749 576 894 662 margine
926 595 944 639 a
976 573 1192 660 Oompilatore
1220 577 1352 642 inventa

151 686 236 747 sunt.

197 788 212 851 Ι
236 787 303 854 23
327 786 462 874 Accipe,
487 807 556 853 om:
580 788 704 854 lectum
727 793 791 866 est;
816 789 981 853 conveniet
1009 807 1163 852 numerus
1191 791 1348 873 quantum

152 893 249 960 debui

195 998 245 1080 (3)
278 997 412 1064 Ordine:
445 1001 535 1085 prius
567 1001 654 1064 enim
687 997 843 1084 qualitas,
875 997 988 1064 deinde
1018 1019 1172 1063 numerus
1195 1002 1348 1084 pecuniae

152 1107 287 1191 spectari
317 1103 407 1170 solet.
500 1105 577 1170 Dxc.
612 1104 822 1170 manifestum
854 1126 871 1169 e
902 1104 1048 1191 longiore
1080 1103 1119 1170 D.
1134 1103 1199 1185 (4);
1232 1104 1348 1170 rPribus

151 1212 255 1278 modis
279 1211 426 1277 debitum
449 1214 671 1297 pecuniarium
694 1212 840 1291 solvitur,
866 1213 1030 1296 pensione,
1055 1214 1264 1296 spectatione,
1290 1233 1347 1276 nu-

151 1339 248 1384 mero.
340 1317 388 1382 De
411 1316 545 1403 reliquis
569 1317 699 1384 scholiis
722 1323 841 1402 postea.

80 1487 84 1494 .
196 1423 278 1490 Ibid.
305 1423 409 1507 241)
432 1423 518 1489 Bene
541 1425 653 1501 „meo”
679 1444 718 1489 ne
741 1430 826 1488 esset
850 1424 1042 1506 ἀμφίβολον.
1112 1423 1197 1489 item
1220 1445 1259 1500 ex
1282 1424 1348 1488 lon-

153 1533 242 1617 giore
265 1529 304 1596 D.
319 1530 377 1611 (1).
402 1530 449 1595 Do
471 1530 603 1616 reliquis
626 1535 746 1617 postea.
1290 1542 1293 1548 '

196 1636 276 1702 ibid.
302 1633 406 1716 54(3)
431 1636 493 1701 ἀπὸ
517 1647 574 1711 τῆς
598 1634 837 1711 καταπλήξεως.
915 1636 999 1702 Item
1024 1657 1040 1700 e
1063 1635 1208 1722 longiore
1232 1636 1298 1717 D.(
1322 1641 1344 1716 ).

196 1742 277 1808 Ibid.
303 1743 345 1807 58
358 1742 406 1824 (3)
437 1743 522 1808 Bono
555 1742 851 1829 „exstinguerent'',
875 1745 952 1828 quia
974 1744 992 1806 f
996 1761 1107 1807 orma
1131 1741 1224 1807 calor.
1299 1742 1347 1822 (4)

153 1848 309 1927 „Forma”
342 1850 382 1914 ab
415 1851 491 1936 igne
522 1855 554 1914 et
585 1848 688 1914 calore
718 1848 803 1914 dicta
835 1853 893 1913 est.
964 1848 1146 1933 Utrumque
1171 1847 1348 1912 secundum

151 1953 191 2018 D.
216 1951 330 2034 511).
355 1954 459 2020 Notae
483 1954 678 2040 marginales
700 1956 734 2019 in
758 1954 881 2019 duabus
906 1951 1018 2019 editt?

194 2060 275 2124 Ibid.
303 2057 343 2125 71
359 2060 408 2141 (1)
431 2060 518 2126 Bono
542 2060 656 2127 affectu
678 2061 762 2126 dixit
787 2060 897 2139 „daret
919 2057 1012 2126 illii’'
1036 2058 1123 2124 filius
1148 2061 1234 2124 enim
1257 2060 1348 2124 fami·

151 2165 210 2230 lias
243 2187 306 2230 non
330 2172 399 2230 iam
422 2165 513 2232 ducit
536 2187 670 2231 uxorem
696 2187 793 2252 quam
817 2187 835 2230 a
858 2170 948 2250 patro
972 2167 1106 2249 accipit,
1131 2167 1249 2251 quippe
1273 2186 1348 2230 cum

150 2273 235 2356 patri
255 2273 479 2337 committatur
498 2271 605 2357 puella
624 2275 732 2358 potius
752 2274 786 2336 in
803 2271 990 2337 huiusmodi
1002 2271 1237 2338 condicionibus
1251 2293 1348 2358 quam

150 2379 277 2442 marito.
347 2377 433 2441 Hinc
457 2398 522 2443 exo.
547 2377 611 2459 (4):
635 2380 717 2443 mire
743 2377 886 2456 „daret’',
911 2383 949 2443 ut
971 2377 1151 2442 ostenderet
1173 2377 1255 2442 nihil
1279 2399 1347 2444 esse

151 2485 320 2568 potestatis
342 2486 376 2548 in
400 2483 477 2550 filio.

197 2587 277 2654 Ibid.
313 2587 355 2652 85
369 2587 417 2668 (4)
447 2587 608 2653 ἀσύνδετον
639 2595 678 2654 ut
710 2609 807 2674 supra
833 2590 958 2666 „imus,
983 2592 1150 2668 venimus,
1175 2588 1344 2655 videmus”

151 2699 211 2774 (11.
238 2692 306 2774 53).
376 2693 571 2780 Dlongioro
595 2693 634 2759 D.
648 2695 708 2774 (ὅ),
732 2695 789 2759 ubi
813 2693 907 2779 plura
931 2695 1079 2779 exempla
1102 2697 1253 2760 citantur.

194 2799 211 2864 I
231 2799 262 2864 3.
278 2799 317 2863 11
333 2799 382 2880 (3)
394 2799 463 2866 Hoc
476 2822 550 2866 oum
563 2803 820 2885 pronuntiatione
832 2801 938 2865 infert.
985 2800 1169 2887 Dlongiore
1180 2800 1219 2865 D.
1236 2801 1275 2865 11
1287 2802 1345 2882 (1).

194 2905 276 2970 Ibid.
303 2904 345 2970 18
359 2905 406 2987 (2)
429 2903 513 2973 Oum
536 2906 641 2972 modo.
682 2906 876 2994 Dlongiore
899 2906 939 2971 D.
953 2906 1000 2985 (1)
1025 2906 1224 2992 ,‚Modeste”,
1248 2912 1322 2973 cett.
1446 2989 1448 2994 Ι
1520 2892 1521 2896 “

193 3010 226 3076 Il
251 3010 283 3076 2.
298 3011 340 3076 12
354 3011 401 3091 (2)
425 3010 545 3078 'Potum
568 3014 796 3098 metaphorice.
844 3013 920 3078 Dxc.
947 3034 964 3079 o
986 3012 1026 3078 D.
1053 3012 1113 3078 13:
1137 3019 1346 3094 aspernante

151 3122 259 3182 totum
283 3117 548 3184 translationibus
573 3117 726 3204 loquitur,
752 3124 827 3186 1111.

194 3222 235 3288 Π.
261 3221 292 3288 3.
308 3222 327 3288 3
341 3222 389 3302 (2)
421 3224 581 3302 „Adesto”
606 3227 750 3311 proprie:
775 3225 883 3290 adesse
907 3227 994 3290 enim
1017 3245 1129 3290 causae
1153 3228 1278 3311 proprie
1301 3225 1347 3290 di-

151 3334 268 3393 cuntur
290 3331 418 3415 patroni
442 3334 474 3394 11
497 3331 601 3395 amici.
694 3329 780 3396 Hinc
803 3351 869 3396 exc.
894 3330 943 3412 (6)
962 3332 1009 3395 A:
1034 3332 1160 3417 proprie
1185 3330 1347 3396 advocatis

151 3434 244 3499 dixit.

196 3540 279 3605 Ibid.
304 3541 394 3621 Aa)
426 3539 505 3606 Vide
528 3546 566 3605 ut
589 3544 781 3608 veteratorie
805 3542 950 3608 ostendat
973 3543 1200 3609 contradixisse
1224 3543 1347 3610 adules-

153 3653 287 3712 centem.
342 3646 420 3713 Exc.
445 3668 462 3712 o
486 3646 632 3734 longiore
655 3648 694 3712 D.
718 3648 817 3733 Β(2),
850 3651 908 3714 ubi
929 3652 962 3715 in
986 3650 1048 3715 fine
1072 3651 1149 3716 haec
1172 3650 1346 3738 leguntur:
1378 3721 1381 3726 ,

261 3754 401 3820 ostendit
433 3754 678 3840 (Antiphonem)
709 3754 937 3821 contradixisse
971 3757 1034 3822 sibi
1065 3763 1097 3822 et
1127 3761 1282 3824 restitisse
1312 3759 1345 3820 in

149 3858 279 3924 iudicio.
629 3910 633 3919 .
827 3937 832 3948 ,

196 3964 337 4030 Delenda
360 3969 437 4030 sunt
460 3987 541 4050 quae
565 3965 677 4032 dehoc
700 3965 820 4032 scholio
843 3988 1010 4053 perperam
1034 3970 1145 4053 scripsi
1167 3971 1201 4033 in
1221 3969 1345 4035 Mnem.
1452 4015 1457 4022 -

151 4071 281 4136 XXXII
304 4095 334 4158 p.
359 4072 438 4138 250.
469 4073 622 4138 Phormio
649 4073 798 4139 audiente
822 4079 928 4158 patre,
954 4077 1046 4140 ouius
1069 4079 1178 4140 tamen
1201 4097 1347 4162 praesen-

149 4181 230 4242 tiam
260 4199 294 4243 sa
325 4181 446 4244 nescire
477 4176 628 4256 simulat,
660 4179 857 4244 mendaciter
886 4200 955 4244 rem
987 4182 1033 4244 ita
1063 4185 1229 4266 proponit,
1255 4187 1345 4269 qnasi

149 4283 291 4368 Antipho
316 4285 377 4349 sibi
400 4286 435 4348 in
458 4283 577 4349 iudicio
601 4287 771 4364 restiterit,
796 4306 832 4351 eo
856 4286 988 4351 oonsilio
1013 4292 1050 4351 ut
1069 4286 1154 4354 hunc
1173 4293 1258 4376 patri
1275 4313 1348 4376 pur-

150 4393 206 4474 get
229 4393 262 4453 et
284 4388 378 4474 culpa
402 4387 527 4456 liberet.

196 4493 259 4559 Hic
289 4497 394 4580 igitur
424 4517 485 4561 non
515 4495 672 4563 habemus
696 4498 759 4564 duo
783 4505 931 4584 excerpta
955 4522 972 4566 e
996 4507 1177 4567 commento
1199 4504 1228 4567 A
1252 4508 1284 4568 et
1307 4503 1344 4580 B,
