3418 5392
351 355 400 423 82.
869 373 1027 424 nonanus.

349 538 405 604 sed
427 538 484 604 ille
508 543 616 604 tomen
638 560 702 603 non
724 536 869 625 neglexit
891 540 1134 604 coniunctivum
1160 538 1351 616 „videatur”
1378 539 1546 625 imprimis

349 642 576 729 explicandum
598 663 683 720 esse,
709 642 793 729 quod
816 665 880 710 non
902 643 1054 710 viderunt
1078 646 1229 731 magistri
1251 645 1299 726 (l)
1342 649 1356 710 t
1380 644 1439 728 (2).

396 746 449 814 Sic
481 749 585 836 igitur
617 748 731 814 Editor
765 750 910 834 primum
942 748 1031 815 dedit
1061 770 1153 815 suam
1184 751 1368 836 opinionem
1399 750 1459 832 (1),
1493 751 1545 815 oui

349 853 467 941 aliquis
497 857 653 941 magister
686 856 732 935 (in
766 857 913 942 margine
948 857 1050 940 ipsius
1085 853 1267 937 editionisi)
1301 858 1450 941 appinxit
1485 854 1543 937 (2),

349 982 368 1026 a
402 957 618 1046 Oompilatore
654 966 738 1026 recte
772 967 936 1046 receptum
974 965 1046 1046 post
1079 961 1138 1042 (1),
1175 961 1289 1028 deinde
1324 960 1447 1027 scholia
1479 959 1543 1026 Do-

348 1068 432 1132 nati:
468 1065 516 1147 (3)
545 1065 583 1131 de
613 1067 788 1143 sententia,
824 1065 871 1148 (4)
906 1065 944 1132 de
974 1070 1133 1132 sententia
1164 1074 1196 1132 et
1220 1072 1400 1146 structura,
1432 1066 1481 1148 (5)
1505 1067 1542 1132 de

349 1178 520 1238 structura.

392 1277 474 1344 Ibid.
500 1276 542 1342 16
584 1276 729 1343 Fundam
761 1279 822 1343 tibi
852 1299 936 1343 nunc
967 1279 1068 1343 nimis
1091 1277 1212 1344 vellem
1236 1279 1304 1344 dari
1328 1283 1366 1344 ut
1388 1276 1464 1344 illos

348 1399 387 1450 ex·
410 1381 535 1448 occulto
558 1383 719 1461 caederes,
744 1384 884 1448 facerent
907 1383 1033 1469 fugam·

392 1488 473 1554 Don.
505 1488 553 1570 (3)
587 1489 672 1554 Mire
703 1491 880 1574 parasitus,
913 1490 989 1574 quia
1018 1489 1159 1554 militem
1183 1489 1273 1556 videt
1296 1488 1380 1554 nolle
1405 1488 1458 1556 vel
1481 1511 1544 1556 non

347 1594 462 1660 audere
493 1612 637 1680 pugnare
652 1592 689 1676 ¹¹),
719 1593 890 1659 consilium
915 1594 1164 1660 formidulosum
1188 1602 1221 1660 et
1244 1599 1357 1681 aptum
1382 1598 1543 1661 metuenti

347 1699 452 1778 dedit,
483 1699 646 1765 subtiliter
678 1704 803 1779 tamen;
837 1721 912 1765 nam
943 1700 1071 1766 funda
1093 1707 1257 1788 pugnant,
1282 1705 1338 1787 qui
1360 1704 1544 1767 comminus

347 1828 410 1872 non
434 1811 568 1892 possunt
591 1813 623 1871 et
646 1826 692 1871 ex
716 1805 902 1883 occulto,
928 1807 1072 1892 quinon
1096 1806 1213 1872 audent
1235 1806 1353 1892 palam.
1423 1806 1474 1872 IP
1494 1807 1541 1889 (4)

346 1911 408 1977 Sed
428 1912 560 1977 honesta
577 1929 687 1977 causa:
708 1932 770 1976 non
795 1913 890 1996 ,quia
910 1913 1090 1977 timentur”
1104 1913 1226 1997 inquit,
1240 1911 1295 1977 sed
1308 1919 1367 1990 „ut
1378 1912 1541 1996 fugiant'',

347 2022 512 2102 tamquam
536 2019 599 2082 nisi
622 2017 728 2083 hostes
751 2016 911 2102 fugerint,
935 2038 997 2083 non
1020 2019 1064 2082 sit
1086 2023 1196 2083 tutum
1220 2018 1376 2084 accedere.
1455 2017 1541 2090 Satis

346 2124 518 2189 obscurum
541 2127 574 2188 et
593 2127 718 2207 praeter
737 2128 874 2188 textam.
920 2123 1011 2188 Idem
1030 2125 1137 2209 pergit
1149 2124 1214 2206 (5):
1234 2123 1306 2190 Non
1318 2122 1401 2188 dixit
1412 2125 1541 2190 hastam

346 2233 403 2294 aut
427 2227 572 2310 lanceam
594 2227 650 2294 sed
674 2227 861 2306 „fundam'',
885 2249 948 2313 qua
969 2230 1125 2294 nimirum
1148 2229 1246 2317 longe
1267 2232 1415 2309 iactatur,
1441 2234 1480 2295 ut
1503 2252 1542 2296 ex

345 2335 406 2408 hoc
429 2331 601 2401 intervallo
624 2354 776 2420 pavorem
800 2334 980 2400 ostenderet
1003 2356 1065 2400 non
1085 2334 1231 2400 audentis
1251 2334 1408 2402 accedere.
1467 2336 1542 2402 Par·

348 2443 408 2504 tim
431 2442 588 2518 otiosum,
612 2442 730 2524 partim
754 2439 894 2506 relatum
917 2460 955 2504 ex
979 2440 1038 2522 (3).

354 2589 357 2596 -
391 2544 539 2610 'Pertium
569 2544 705 2631 denique
731 2544 857 2610 addidit·
877 2544 942 2626 (6):
966 2545 1009 2610 Et
1031 2547 1114 2611 mire
1139 2547 1253 2625 „tibi”,
1278 2551 1445 2632 tamquam
1466 2549 1535 2634 ipse

346 2653 505 2738 parasitus
528 2671 586 2716 nec
608 2651 668 2716 hoc
691 2650 816 2718 audeat.

391 2757 480 2823 Haec
510 2759 613 2844 igitur
643 2758 810 2822 subiunxit
839 2757 953 2822 Editor
982 2757 1109 2824 scholiis
1131 2753 1237 2846 longis
1260 2762 1293 2823 et
1315 2758 1540 2844 integerrimis

345 2862 463 2929 Donati
486 2884 566 2949 quae
589 2863 783 2949 praecedunt
804 2862 852 2945 (2)
876 2867 909 2928 et
932 2862 993 2945 (3).

375 2968 470 3052 11313.
498 2966 539 3034 lt
573 2966 727 3034 Fecerant
750 2968 863 3054 fugam

379 3074 438 3156 (2)
462 3073 559 3140 Deest
580 3075 692 3140 'rursus
717 3074 796 3153 „ut”
823 3073 884 3161 <ut
907 3075 966 3152 sit,
991 3069 1052 3160 ut>
1077 3074 1216 3140 fecerent
1235 3074 1359 3161 fugam.
1414 3073 1463 3156 (3)
1482 3073 1542 3140 Vel

345 3183 514 3252 ἀσυνδετῶς
546 3180 686 3247 illatum.
761 3180 809 3262 (4)
841 3178 1007 3246 Desiderat
1039 3182 1297 3246 coniunctionem
1327 3181 1472 3260 „enim”,
1505 3186 1542 3244 ut

346 3290 405 3352 sit:
440 3287 462 3352 f.
495 3289 583 3351 enim
613 3287 736 3372 sugam.
806 3285 854 3367 (5)
886 3282 1084 3364 „caederes”
1117 3307 1174 3372 pro
1204 3284 1360 3352 caedendo
1391 3305 1542 3373 cogeres,

348 3399 434 3478 (nt)
459 3393 480 3461 f.
505 3393 630 3480 fugam.
729 3415 733 3422 ·
1100 3412 1103 3416 ¹

391 3497 511 3582 Verum
540 3499 683 3563 eontinet
713 3497 776 3580 (4);
808 3499 1003 3563 conveniunt
1035 3499 1152 3582 partim
1184 3497 1232 3579 (2)
1264 3501 1296 3562 et
1318 3496 1376 3579 (5),
1401 3517 1539 3583 quarum

345 3603 405 3669 hoc
438 3602 664 3689 Interpolatori
697 3604 886 3688 tribuerim,
920 3601 1002 3670 illud
1037 3601 1238 3690 magistello;
1271 3601 1318 3686 (3)
1349 3609 1538 3689 excerptum

346 3717 394 3775 est
417 3730 457 3774 ex
481 3708 552 3791 (4).·
664 3731 667 3736 ·
1093 3727 1096 3732 ·
1284 3726 1288 3738 ·

390 3813 471 3880 Ibid.
497 3813 539 3878 18
574 3805 636 3879 Sed
659 3835 764 3880 eccam
787 3814 945 3881 Thaidem
967 3817 1072 3902 ipsam
1109 3855 1120 3864 ‹·

388 3920 439 4002 (1)
474 3920 633 3997 „liccam”
658 3925 691 3986 et
714 3923 862 4006 „ipsam”
887 3921 990 4008 figura
1013 3919 1169 4000 ἔμφασις,
1195 3922 1286 4006 quasi
1308 3941 1415 3985 eccam
1440 3921 1540 4010 <cau-

344 4023 437 4112 sam>
470 4025 548 4092 belli
571 4033 603 4091 et
627 4028 772 4112 „ipsam”
798 4034 907 4094 contra
930 4048 1028 4113 quam
1051 4026 1262 4113 pugnandum
1286 4028 1339 4090 sit.
1407 4024 1542 4112 Suspec-

345 4137 416 4197 tum
439 4131 513 4200 inde
537 4153 555 4198 a
580 4133 727 4218 ,quasi”.

379 4394 406 4458 1)
423 4392 462 4442 Sic
478 4393 571 4443 correxi
589 4393 652 4458 vulg.
670 4394 724 4445 lect.
745 4394 797 4445 uvel
815 4411 863 4444 nou
880 4394 952 4444 audet
970 4392 1126 4461 repugnare’'.
1145 4395 1256 4444 Ceterum
1275 4393 1305 4442 de
1321 4392 1413 4442 scholio
1427 4393 1468 4457 (2)
1485 4393 1541 4443 vids

343 4475 408 4526 inira
424 4476 449 4526 iu
466 4492 517 4542 cap.
534 4478 562 4526 de
580 4476 691 4536 tontibus,
957 4473 961 4479 ’
1322 4470 1324 4474 ’
