3450 5382
353 365 418 432 150
870 382 1025 434 1611111.

349 549 514 616 leratus
544 552 580 614 in
610 571 672 636 quo
704 549 806 616 scelus
837 551 881 614 sit
913 551 1127 616 constitutum
1151 554 1209 614 aut
1231 551 1451 615 commissum.

349 657 397 737 (5)
432 654 681 722 Scelerosus
717 657 876 721 accusatio
912 676 1074 741 personae.
1145 654 1194 741 (6)
1229 654 1474 734 „Scelerosum”
1511 655 1547 719 in

349 760 521 839 Thaidem,
548 761 730 847 „impium”
756 763 791 826 in
817 763 987 846 virginem„

393 867 499 933 Schol.
531 866 580 947 (3)
612 866 736 934 Donato
770 888 834 933 non
865 867 1038 954 indignum
1071 874 1129 933 est.
1165 867 1351 952 Sequuntur
1374 868 1546 932 varietates

348 976 595 1060 magistrorum,
624 995 641 1040 e
665 973 782 1060 quibus
805 974 853 1054 (4)
878 973 1003 1039 llditori
1027 973 1187 1052 dederim,
1212 977 1305 1039 cuius
1327 973 1402 1039 vide
1425 975 1545 1037 miram

346 1079 553 1146 latinitatem.
578 1078 682 1146 Schol.
707 1079 757 1162 (6)
780 1079 895 1145 falsam
918 1079 1129 1146 differentiam
1151 1080 1292 1146 exhibet.

393 1292 434 1358 lv
462 1291 492 1360 7.
506 1292 549 1358 43
585 1293 670 1359 Β616
693 1297 788 1379 putas

394 1399 443 1481 (3)
467 1399 536 1465 Hoc
559 1405 608 1464 est
628 1405 740 1465 recte
761 1403 872 1489 putas,
891 1400 1009 1484 sapis
1031 1397 1082 1464 vel
1101 1396 1335 1484 intelligis.
1357 1396 1542 1484 Vergilius:

350 1505 476 1583 „multa
506 1511 622 1591 putans
645 1511 828 1591 sortemque
851 1506 958 1570 animo
981 1506 1154 1570 miseratur
1176 1503 1344 1591 iniquam’'
1368 1503 1425 1588 (Vl
1450 1502 1543 1585 332).

416 1612 464 1694 (4)
487 1610 546 1676 Vel
569 1612 741 1676 conicis.
817 1609 865 1691 (5)
888 1608 947 1676 Vel
969 1608 1107 1695 „putas”
1132 1608 1340 1695 disputas.
1410 1607 1459 1690 (6)
1484 1608 1547 1675 Vel

350 1715 488 1803 „putas”
513 1718 693 1803 cogitas.

393 1821 553 1888 Similiter
574 1826 647 1908 post
670 1820 750 1887 Don.
774 1819 822 1902 (3)
845 1819 952 1906 plures
976 1822 1125 1907 magistri
1149 1841 1207 1887 sua
1230 1819 1445 1908 protulerunt.

779 2070 823 2135 In
848 2069 1111 2135 Phormione.

393 2257 481 2323 Prol.
506 2254 549 2322 34
585 2255 779 2340 Bonitasque
801 2259 909 2320 nostra
932 2252 1080 2319 adiutans
1103 2259 1200 2340 atque
1224 2256 1458 2340 aequanimitas

394 2363 442 2444 (1)
475 2363 648 2439 „Bonitas”
679 2364 714 2426 in
737 2359 1102 2446 omnibusgeneralitar
1125 2361 1239 2438 rebus,
1266 2361 1546 2446 „aequanimitas”

346 2471 380 2534 in
405 2468 584 2554 spectando.
641 2466 694 2532 Sic
713 2486 788 2532 sana
806 2468 927 2531 ratione
947 2467 1100 2532 Donatus.
1120 2465 1307 2551 Sequuntur
1318 2468 1410 2533 haec:
1431 2467 1481 2549 (2)
1496 2469 1547 2532 An

349 2574 516 2653 „bonitas”
550 2577 583 2638 in
614 2574 792 2659 spectandis
823 2572 873 2638 his
897 2594 977 2657 quae
1000 2573 1081 2638 bona
1105 2571 1236 2655 suntd),
1266 2573 1546 2660 „aequanimitas”

346 2683 380 2746 in
403 2680 605 2766 ignoscendis
629 2681 720 2745 vitiis
743 2685 838 2764 atque
861 2676 1009 2744 delictis?
1078 2677 1126 2760 (3)
1151 2681 1201 2743 An
1225 2682 1417 2757 conversata
1442 2687 1501 2746 est.

347 2786 394 2869 (4)
414 2787 463 2850 An
485 2786 652 2863 „bonitas”
673 2787 756 2850 circa
775 2805 901 2861 omnes„
924 2783 1201 2870 „aequanimitas”
1216 2788 1299 2851 eirca
1311 2783 1522 2852 Terentium?

391 2890 429 2956 In
460 2892 508 2973 (2)
538 2890 806 2977 deprehendimus
836 2889 921 2955 male
952 2911 1068 2956 sanum
1095 2911 1229 2956 acumen
1252 2897 1285 2957 et
1311 2893 1544 2958 verbositatem

346 2997 502 3075 llditoris,
527 2999 619 3062 iuxta
643 3017 739 3082 quem
762 2994 866 3061 denuo
889 2994 953 3061 duo
977 2998 1126 3082 magistri
1149 2996 1318 3082 prodeunt.

390 3211 406 3276 Ι
431 3211 494 3277 l.l
531 3211 663 3275 Amicus
686 3229 834 3274 summus
858 3229 950 3274 meus
973 3214 1006 3274 et
1029 3208 1194 3296 popularis
1219 3207 1301 3276 Geta

390 3317 437 3399 (6)
470 3315 645 3395 „Amicus”
675 3335 693 3380 a
715 3314 882 3380 voluntate
907 3314 1111 3401 „popularis”
1137 3337 1156 3381 a
1179 3315 1316 3392 fortuna.
1387 3314 1434 3398 (7)
1460 3317 1543 3395 „Po-

344 3420 486 3506 pularis”
519 3420 664 3486 eiusdem
696 3419 888 3485 condicionis
920 3422 1102 3506 gregisque.
1144 3419 1318 3487 Sallustius
1355 3421 1540 3508 „popularis

345 3525 472 3592 sceleris
502 3525 575 3591 sui”
600 3523 683 3607 (Oai.
709 3524 822 3606 22.1).
893 3524 946 3591 Sic
970 3525 1132 3604 Donatus„
1157 3546 1175 3590 a
1199 3530 1292 3613 cuius
1315 3548 1390 3593 sana
1414 3527 1539 3614 simpli-

345 3634 440 3697 citate
472 3631 545 3698 vide
579 3631 683 3696 denuo
719 3638 914 3716 quantopere
948 3631 1068 3697 distent
1102 3635 1335 3719 magistrorum
1369 3637 1538 3700 conamina

345 3758 424 3823 quae
443 3742 638 3823 sequuntur:
660 3735 707 3818 (8)
728 3737 770 3802 Ilt
786 3736 990 3822 „popularis”
1013 3736 1132 3824 populo
1145 3745 1271 3803 amatus
1283 3744 1340 3805 est.
1388 3738 1437 3822 (9)
1456 3740 1540 3818 „Po-

343 3843 485 3929 pularis”
510 3846 590 3909 civis
613 3849 672 3908 est.
742 3842 812 3923 (10)
838 3842 1049 3928 „Popularia”
1073 3843 1210 3909 humilis
1233 3849 1292 3911 est.
1362 3844 1432 3927 (11)
1458 3847 1539 3924 „Po

343 3949 485 4035 puleris”
516 3948 592 4015 vilis
622 3947 804 4036 populoque
832 3949 935 4014 factus
945 3947 984 4029 (1)
1014 3955 1051 4014 ut
1074 3952 1101 4015 si
1125 3949 1300 4035 quisdicat
1320 3950 1538 4017 sordidum

343 4055 675 4141 popularemque
699 4058 843 4121 civem.
913 4055 962 4120 Ex
986 4056 1037 4120 his
1061 4056 1202 4120 dubitari
1226 4059 1337 4142 nequit
1361 4059 1437 4142 quin
1462 4057 1539 4123 Edi-

342 4163 405 4225 tori
437 4160 670 4247 adsignandum
702 4163 744 4226 sit
774 4162 808 4226 id
841 4162 925 4246 quod
950 4161 1130 4227 doctrinam
1154 4161 1421 4250 qualemcumque
1444 4164 1539 4250 proti-

342 4271 438 4344 tstur„
462 4288 577 4352 nempe
602 4268 683 4353 (11).
731 4267 838 4334 Schol.
864 4267 912 4349 (9)
935 4270 1110 4353 repetitum
1131 4275 1180 4334 est
1200 4291 1238 4334 ex
1260 4269 1320 4335 Ad.
1340 4268 1372 4334 ll
1394 4270 1537 4354 1.1(1):

342 4393 426 4438 nuno
448 4377 558 4438 autem
582 4372 795 4460 „populares”
819 4376 936 4439 cives
960 4374 1047 4441 dicit.

387 4477 436 4544 lix
467 4477 600 4566 reliquis
629 4480 760 4547 scholiis
791 4478 915 4547 Donato
947 4480 1049 4551 dende
1072 4488 1148 4549 sunt
1171 4480 1333 4573 longiores
1356 4482 1404 4564 (l)
1427 4488 1460 4549 et
1484 4483 1533 4570 (2)
