3450 5382
688 376 843 424 pontons.
1303 360 1366 429 125
1437 366 1439 370 '

172 543 256 630 quod
287 542 417 609 additur
449 562 527 626 „per
551 539 759 620 raptateffl,
784 562 858 606 cum
883 542 1059 608 secundum
1084 544 1196 610 Artem
1220 544 1300 610 Don.
1323 545 1368 610 IV

172 650 250 716 372·
263 649 305 713 10
329 649 382 713 hic
405 647 510 712 nudus
534 649 576 711 sit
599 648 812 731 apostrophus
832 668 894 712 non
914 649 1130 733 parenthesis,
1151 650 1189 715 de
1210 671 1273 736 qua
1293 651 1368 717 vide

170 755 248 821 ibid.
273 753 418 819 26232.
444 750 492 819 of.
516 758 678 838 praeterea
702 774 766 838 seq.
791 752 889 819 schol.
914 753 1029 835 aad).

216 860 297 926 Ibid.
322 859 375 925 26.
418 858 456 923 In
485 859 511 922 Β
542 861 605 923 tria
627 857 756 922 Donati.
791 858 828 923 ln
865 860 890 922 A
923 881 1026 924 unum
1056 862 1094 926 ab
1119 861 1248 928 Editora
1270 865 1367 928 inter·

170 967 332 1052 palatum:
367 965 451 1042 „Ain
468 964 604 1030 tandem
629 963 766 1029 carcar''.
800 964 872 1029 Non
896 985 1136 1032 carcereum
1160 968 1214 1032 sed
1237 989 1368 1034 carce-

169 1093 255 1138 rem
275 1073 418 1157 asperius
437 1068 629 1155 appellavit3
651 1072 697 1134 sic
714 1069 860 1134 Lucilius
873 1091 1000 1147 „carcer
1012 1074 1067 1136 vix
1079 1094 1202 1138 carcere
1215 1074 1367 1160 dignus'’.

171 1185 200 1242 et
224 1176 317 1256 „cic”
339 1199 399 1259 pro
425 1175 537 1254 ,‚aon”.
575 1174 625 1242 Of.
651 1197 747 1261 supra
771 1199 802 1262 p.
830 1173 871 1241 17
897 1176 936 1242 ad
959 1177 1041 1242 Eun.
1067 1178 1300 1260 1112.19(1).

216 1283 296 1350 Ibid.
322 1283 364 1350 27
401 1282 563 1347 Bonorum
588 1287 732 1346 extortor
753 1281 867 1368 legum
890 1290 1051 1348 contortor

217 1393 259 1454 A:
284 1388 396 1474 Fingit
419 1386 472 1453 illi
495 1389 631 1453 crimina
655 1386 693 1452 de
716 1408 811 1453 causa
834 1393 866 1453 et
887 1388 924 1454 de
944 1392 1086 1476 negotio.
1134 1390 1176 1455 B:
1200 1391 1369 1478 Ingeniosa

172 1495 210 1560 de
232 1499 302 1582 ipso
327 1497 459 1581 negotio
483 1500 561 1559 sunt
582 1496 716 1559 inventa
736 1496 893 1559 convicia.

215 1601 287 1667 Hoc
318 1607 403 1666 recte
433 1621 467 1665 se
490 1600 597 1677 habet,
622 1621 687 1664 non
711 1602 799 1664 enim
822 1602 886 1665 nisi
909 1602 1055 1666 convicia
1079 1607 1165 1668 sunt.
1201 1603 1240 1668 ln
1264 1604 1293 1667 A
1318 1604 1370 1668 ob

173 1709 309 1772 servatio
333 1706 490 1772 rhetorica
511 1707 689 1790 impropria
712 1712 760 1770 est
783 1704 822 1770 de
845 1708 944 1771 merie
968 1709 1132 1773 conviciis.

218 1811 298 1878 Ibid.
324 1811 368 1877 28
402 1811 564 1896 Demipho
595 1817 766 1896 postquam
797 1811 910 1876 fictum
940 1812 1148 1878 Phormionis
1179 1835 1253 1879 cum
1286 1813 1369 1881 Geta

173 1904 318 2005 litigium
340 1916 537 2002 aliquamdiu
559 1916 774 1994 auscultavit,
795 1916 882 1982 hunc
900 1919 964 1981 iam
986 1915 1072 1983 clara
1086 1939 1162 1983 voce
1182 1918 1367 2004 compellat:

176 2024 312 2103 „Gata'’.
344 2024 498 2088 Phormio
531 2022 669 2089 eundem
702 2023 862 2088 submissa
887 2044 962 2088 voca
986 2029 1096 2088 monet
1120 2030 1157 2088 ut
1181 2046 1233 2090 ero
1256 2044 1368 2090 aurem

173 2131 337 2218 praebeat:
360 2127 588 2215 „Rasponde’'l
609 2128 693 2193 'lum
715 2127 814 2208 Geta,
836 2131 892 2214 qui
904 2150 995 2194 erum
1009 2129 1154 2208 nondum
1166 2134 1369 2216 conspexisse

175 2261 207 2304 se
230 2237 381 2315 simulat,
406 2239 596 2322 respiciens:
625 2236 723 2316 „Quis
745 2236 841 2301 homo
866 2234 957 2300 estl”
981 2239 1099 2322 inquit.

218 2346 247 2410 A
272 2343 373 2424 ,Quis
400 2346 432 2408 h.
446 2342 478 2406 h.
503 2341 594 2408 estl’'
620 2342 704 2407 Mira
724 2362 837 2406 servus
857 2341 951 2406 finxit
970 2363 1003 2408 se
1023 2364 1087 2408 non
1108 2342 1226 2409 vidisse
1247 2364 1367 2421 senem,

173 2462 209 2516 ut
233 2472 270 2517 aa
293 2472 375 2537 quae
399 2449 516 2514 dixerit
539 2452 573 2514 in
597 2449 828 2550 Phopmionam
850 2451 971 2514 sincere
994 2449 1111 2514 dixisse
1130 2449 1287 2515 credatur.

218 2557 304 2638 Β(1)
341 2554 550 2640 „Responde”
581 2554 706 2620 Timuit
741 2559 852 2639 poeta,
887 2575 927 2620 ne
959 2554 1146 2620 huiusmodi
1182 2556 1366 2621 vociferatio

174 2664 273 2730 Getae
306 2665 399 2748 quasi
428 2683 539 2728 varam
562 2661 751 2728 discordiam
777 2661 863 2746 apud
886 2660 1041 2746 populum
1066 2661 1216 2748 fingeret,
1241 2668 1274 2727 et
1296 2662 1367 2726 ideo

174 2771 247 2836 lecit
279 2790 356 2834 eum
387 2789 406 2833 a
437 2767 633 2833 Phormione
656 2766 830 2832 admoueri.
901 2766 948 2847 (2)
973 2767 1073 2847 „Quis
1096 2768 1175 2832 b.h.
1200 2765 1290 2833 estl”
1315 2767 1365 2832 lta

173 2897 259 2941 mera
295 2872 554 2939 dissimulatione
589 2872 737 2939 additum
773 2871 927 2951 ,homo”,
963 2878 1001 2937 ut
1036 2872 1183 2938 videatur
1214 2872 1297 2937 nihil
1327 2872 1364 2937 de

172 2982 352 3066 praesentia
375 2979 497 3044 domini
520 2981 690 3065 cogitasse.

216 3086 247 3152 A
268 3094 302 3152 at
321 3085 408 3166 B(l)
428 3085 546 3150 Donati
566 3089 658 3162 sunt,
679 3086 713 3148 in
734 3086 826 3149 cuius
846 3089 1030 3149 commento
1050 3084 1255 3169 praecedebat
1271 3084 1365 3165 B(l),

172 3194 228 3258 ubi
260 3190 488 3270 „vociferatio”
523 3189 720 3275 intelligitur
755 3187 856 3255 Getae
890 3192 1033 3255 convicia
1065 3192 1099 3254 in
1135 3191 1366 3255 Phormionem

172 3321 219 3366 vs.
245 3296 307 3365 27:
341 3297 506 3362 Bonorum
537 3302 689 3372 extortor,
721 3295 832 3381 legum
863 3293 1042 3361 contortorl
1076 3295 1112 3360 In
1143 3296 1229 3377 B(2)
1253 3296 1367 3361 Editor

172 3406 330 3491 corrigere
352 3403 414 3467 sibi
437 3401 568 3468 videtur
586 3402 620 3466 id
639 3402 723 3487 quod
743 3400 823 3466 Don.
846 3402 884 3466 da
903 3403 1018 3467 iisdem
1040 3403 1145 3467 verbis
1165 3405 1366 3488 apertissime

172 3510 255 3574 dixit
277 3511 311 3573 in
336 3509 374 3586 A,
399 3507 454 3573 sed
477 3511 596 3593 partim
619 3508 706 3573 idem
730 3511 865 3593 repetit,
889 3510 1008 3594 partim
1028 3508 1155 3574 fallitur
1172 3511 1206 3573 in
1226 3530 1262 3574 eo
1281 3508 1366 3595 quod

171 3618 280 3700 inepte
307 3613 386 3679 dicit
418 3613 522 3692 „nihil
550 3614 589 3678 de
612 3616 791 3700 praesentia
814 3613 844 3678 d.
869 3613 1047 3700 cogitassa'’
1071 3637 1128 3701 pro
1152 3617 1366 3700 praesentiam

171 3744 235 3787 non
258 3723 403 3798 sensisse,
428 3719 481 3786 val
504 3719 568 3787 tale
591 3720 678 3805 quid.

217 3826 315 3908 B(3)‚
340 3827 378 3892 de
402 3825 537 3903 aliare,
562 3829 743 3914 genuinum
769 3832 826 3892 est.

216 3933 300 4015 Quid
332 3934 410 3998 haec
441 3932 561 3998 scholia
591 3954 649 3998 nos
682 3930 814 3998 docent?
838 3931 965 4000 Oanties
988 3936 1052 3999 iam
1078 3933 1267 4000 offendimus
1290 3932 1366 3997 Eldi-

170 4047 272 4106 toram
303 4039 455 4104 Donateis
485 4059 559 4103 suas
588 4040 812 4116 correctiones,
837 4038 911 4124 plus
935 4042 1085 4105 minusve
1106 4045 1213 4104 tamen
1237 4061 1276 4104 ax
1298 4037 1365 4104 illis

170 4146 378 4233 compilatas,
421 4147 570 4211 continuo
605 4144 875 4223 subscribentem,
915 4144 1007 4211 nullo
1046 4145 1261 4211 intercedente
1302 4143 1365 4209 alio

169 4253 297 4319 scholio.
329 4251 441 4336 Itaque
471 4249 527 4316 ille
557 4257 776 4316 commentum
807 4253 974 4337 integrum
1004 4251 1056 4316 hic
1089 4251 1220 4330 habuit,
1244 4253 1278 4315 in
1302 4272 1364 4336 quo

170 4357 291 4425 sohoha
322 4356 508 4443 legerentur
537 4357 597 4422 hoc
629 4357 755 4422 ordine:
787 4357 883 4438 B(l),
910 4358 948 4436 A,
976 4356 1073 4438 B(3),
1107 4362 1179 4422 tum
1210 4379 1267 4423 suo
1296 4356 1364 4423 loco

170 4466 397 4532 correctionem
422 4462 509 4543 B(2)
527 4464 665 4528 inseruit
683 4468 756 4548 post
776 4464 814 4528 A.
838 4462 987 4548 ltaque
1011 4462 1205 4530 divarsaa
1228 4465 1364 4532 series
