3450 5382
327 377 391 444 154
851 391 1007 441 uousuus.

324 566 417 646 poete
447 560 588 626 exhibet.
620 557 684 640 (W.
709 565 760 640 o.).
831 559 875 623 40
888 557 936 638 (3)
959 558 997 623 Ε.
1021 557 1061 624 ed
1085 558 1253 625 universos
1276 563 1450 645 utrumque
1473 581 1522 625 re·

324 667 438 745 fertur,
462 673 495 732 et
521 666 634 739 „dico”
659 671 692 731 et
718 665 858 744 „edico’'.
883 665 940 742 (id.
960 665 999 730 cf.
1021 664 1101 746 (2)).
1171 664 1203 730 8.
1217 664 1237 728 5
1251 663 1300 746 (4)
1322 665 1359 732 Ε.
1380 665 1523 731 abundat

325 775 419 853 „me”
452 774 508 855 (id.
541 773 580 839 cf.
613 773 691 854 (4)).
771 771 813 836 36
827 771 875 854 (5)
906 771 944 836 Ε.
976 770 1187 862 subaudimus
1218 771 1271 838 vel
1306 771 1520 858 „ingenium”

324 880 378 946 vel
403 880 591 958 „animum”
617 878 670 946 vel
695 877 862 958 „morem”
887 876 940 943 vel
965 876 1207 956 „institutum''.

369 1094 459 1172 Num,
484 1093 571 1158 enim.

369 1198 454 1264 Proi.
486 1196 529 1265 27
543 1198 592 1280 (1)
624 1219 687 1262 non
718 1199 804 1262 enim
835 1195 986 1262 stultitia.
1057 1196 1102 1260 40
1113 1195 1161 1278 (1)
1186 1196 1289 1262 Omne
1313 1217 1351 1274 e.‚
1377 1196 1461 1282 quod
1484 1199 1520 1261 in

324 1307 502 1371 orationem
525 1306 634 1382 venit,
659 1303 712 1369 vel
735 1323 868 1388 persons
892 1301 945 1368 vel
969 1302 1173 1368 factumest.
1198 1303 1318 1384 (rhet).

370 1410 386 1476 I
412 1410 441 1475 1.
456 1410 496 1476 31
511 1410 558 1490 (1)
589 1409 629 1476 N.
662 1408 757 1475 aliter
785 1430 847 1474 uon
877 1406 1086 1494 intelligitur.
1121 1407 1256 1490 (Immo,
1282 1410 1403 1494 optime
1425 1407 1522 1474 iutel-

323 1517 462 1603 ligitur).
540 1515 571 1580 2.
585 1513 627 1581 57
641 1515 689 1596 (2)
713 1515 753 1580 Ν.
779 1514 920 1592 „sensit”
945 1520 978 1580 et
1003 1519 1134 1593 „tecum
1160 1514 1310 1600 quoque’'
1336 1514 1396 1580 hoc
1418 1517 1521 1601 signi-

324 1623 407 1690 ficet.
432 1623 496 1705 (W.
521 1643 559 1700 c.,
584 1642 670 1708 meg.
695 1623 746 1703 A).

369 1728 401 1794 II
427 1727 551 1810 1.4(2)
582 1728 621 1793 Ν.
645 1726 717 1793 ideo
740 1748 759 1792 e
781 1727 983 1812 praecedenti
1007 1728 1105 1792 etium
1130 1729 1334 1812 quaestus
1358 1725 1520 1791 dicuntur.

324 1832 406 1900 Edi
438 1835 581 1920 Respicit
609 1832 796 1918 exemplum
827 1832 958 1910 Heeut.,
989 1831 1074 1918 quod
1105 1853 1123 1897 u
1153 1831 1277 1898 Donato
1309 1834 1446 1898 citetum
1470 1837 1522 1897 est

324 1944 359 2006 in
383 1940 461 2022 (1)).
540 1939 622 2020 8(2)
645 1940 685 2005 Ν.
709 1939 769 2004 hoc
792 1929 953 2023 significat
978 1937 1121 2015 „istum”
1148 1937 1211 2019 (W.
1224 1959 1251 2003 c.
1278 1937 1368 2023 Meg.
1392 1939 1446 2016 A).

325 2048 356 2113 2.
372 2048 415 2111 40
428 2046 476 2128 (6)
496 2047 535 2112 Ν.
556 2051 651 2123 etet,
672 2048 724 2111 cui
743 2045 869 2131 ingredi
889 2043 1051 2116 nonlicet.
1122 2043 1152 2109 3.
1168 2041 1210 2110 37
1235 2043 1293 2108 Est
1306 2065 1333 2109 e.
1349 2042 1520 2129 „quidni''‚

325 2159 382 2219 eut
407 2152 505 2238 „quid
529 2152 613 2216 nisi''
639 2157 696 2216 aut
721 2171 799 2228 „cur
821 2150 915 2216 n0n”.
940 2149 1004 2231 (W.
1027 2170 1065 2228 c.,
1088 2151 1123 2214 iu
1146 2149 1254 2215 medio
1273 2148 1393 2215 scholio
1413 2147 1521 2228 Dou.).

371 2257 417 2323 111
444 2258 472 2323 l.
489 2257 529 2322 16
543 2257 591 2339 (3)
615 2257 654 2322 N.
668 2277 737 2342 pus
757 2262 806 2321 est
825 2258 929 2321 omnis
949 2256 1066 2322 humor
1078 2258 1202 2342 corpori
1214 2277 1375 2322 onerosus.
1388 2254 1452 2334 (W.
1466 2260 1521 2335 o).

330 2361 372 2430 17
386 2364 433 2445 (2)
457 2364 497 2430 Ν.
522 2386 584 2432 uon
608 2364 752 2434 vooebet.
822 2363 865 2428 22
879 2363 928 2442 (2)
951 2363 1099 2429 N.'unus
1122 2383 1162 2428 ex
1185 2361 1301 2427 multis
1323 2362 1449 2428 dicitur.

327 2470 370 2536 26
393 2469 557 2538 Sufficeret
580 2491 607 2536 e·
635 2468 821 2554 „pulchre”‚
842 2469 926 2554 quod
945 2474 993 2533 est
1014 2468 1227 2553 ‚,sapienter'’.
1249 2465 1367 2549 (ΕΜ).
1416 2467 1459 2532 30
1477 2466 1521 2533 N.

326 2582 501 2662 tangere
533 2596 607 2640 oum
638 2574 744 2640 multe
777 2579 848 2639 tum
879 2577 978 2640 etium
1008 2573 1067 2639 hoe
1098 2573 1269 2659 signifieat.
1301 2573 1364 2652 (W.
1389 2587 1441 2652 c.).

326 2681 357 2747 2.
373 2678 391 2747 7
406 2682 453 2760 (1)
478 2682 517 2747 Ν.
545 2681 604 2746 hoc
625 2680 785 2767 significet
805 2680 904 2765 „quid
924 2678 1021 2758 stus’',
1042 2682 1133 2764 quasi
1154 2679 1238 2744 dicet
1259 2677 1357 2764 „quid
1377 2675 1520 2770 restest''

262 2787 264 2792 ’
325 2789 416 2873 quasi
440 2789 483 2852 sit
507 2807 601 2852 cause
624 2786 822 2872 properandi.
848 2786 912 2867 (W.
937 2792 988 2865 u).

372 2891 416 2956 IV
438 2892 466 2958 1.
481 2892 501 2957 8
515 2893 563 2976 (2)
585 2890 648 2979 <Ν.
669 2890 726 2978 id>
746 2895 865 2957 mansit
877 2891 1046 2978 significet.
1060 2890 1123 2971 (W.
1137 2898 1188 2972 c.).
1262 2891 1292 2955 4.
1307 2889 1350 2956 38
1364 2889 1521 2957 Eunucho

324 3019 350 3064 e.
376 2998 458 3063 dixit
481 2998 638 3064 Phaedria
663 2998 726 3079 (W.
740 3005 783 3073 o.)
855 2998 885 3062 5.
901 2998 981 3079 6(3)
1005 2997 1045 3062 N.
1071 3000 1116 3062 sic
1136 2996 1214 3063 olibi
1237 2999 1284 3062 uit
1303 2997 1382 3075 „ubi
1402 2997 1521 3084 friget,

325 3104 388 3169 huc
419 3105 554 3171 evasit''.
580 3104 643 3184 (W.
664 3111 716 3186 u).
786 3103 869 3184 8(3)
893 3105 932 3170 Ν.
957 3106 1003 3169 sic
1027 3103 1165 3168 dicimus
1190 3102 1228 3168 de
1253 3102 1304 3169 die
1329 3108 1361 3168 et
1384 3102 1523 3168 diecu-

323 3210 423 3288 lam,
457 3209 692 3297 aliquantulum
723 3232 857 3276 morum.
890 3209 953 3289 (W.
969 3215 1020 3284 c).
1092 3209 1121 3274 6.
1137 3207 1181 3273 23
1194 3208 1242 3290 (3)
1273 3209 1313 3274 Ν.
1338 3229 1422 3274 nunc
1446 3208 1522 3287 „ud-

324 3317 475 3382 mittere’'
507 3320 597 3402 pati
621 3317 719 3383 fieri
749 3316 920 3403 significet.
952 3315 1016 3395 (W.
1041 3322 1092 3395 ο.)
1163 3314 1206 3380 25
1221 3314 1269 3396 (l)
1293 3314 1331 3379 Ν.
1357 3335 1447 3379 sere
1471 3321 1522 3380 est

323 3421 501 3487 claustrum
524 3425 648 3488 ianuae.
723 3419 753 3488 7.
769 3422 810 3486 19
824 3421 872 3504 (4)
896 3421 967 3487 Hoc
990 3427 1038 3487 est
1060 3442 1087 3486 e.
1113 3423 1218 3508 magis
1241 3419 1425 3486 ridiculum.

371 3528 398 3592 V
423 3528 453 3593 2.
469 3528 510 3592 69
524 3529 572 3609 (3)
596 3529 636 3594 Ν.
660 3530 762 3594 ironia
786 3535 852 3604 est,
877 3534 915 3592 ut
939 3529 1128 3614 „egregium
1151 3548 1226 3593 vero
1249 3525 1400 3592 leudem”
1424 3527 1518 3607 (Aen.

323 3633 368 3699 IV
393 3632 458 3715 93).
484 3635 535 3714 (of.
561 3633 609 3713 (2)
633 3640 665 3698 et
690 3633 769 3699 Don.
795 3634 834 3699 ad
858 3633 925 3712 55).
1004 3632 1153 3726 4.12(3)
1176 3632 1216 3697 N.
1237 3653 1295 3698 neo
1318 3634 1426 3698 omniu
1449 3653 1521 3717 pro

325 3740 387 3805 fert
416 3761 474 3806 uec
505 3742 618 3818 omnic¹
642 3761 699 3826 per
729 3743 986 3825 comparativum
1010 3739 1158 3826 gradum.
1230 3737 1387 3820 30(2)Ν.
1411 3740 1519 3823 primo

327 3845 531 3933 „virginem”
552 3849 669 3932 posuit,
689 3852 762 3932 post
783 3845 942 3924 „civem'',
963 3845 1003 3910 ed
1023 3844 1176 3910 ultimum
1192 3843 1330 3922 „nobilis
1343 3839 1520 3910 sororem’'.

325 3952 396 4033 (Εά.
407 3949 444 4032 l).
516 3949 641 4032 5.1(2)
660 3951 830 4036 Imperutis
851 3972 877 4015 e.
898 3953 1061 4016 mentibus
1080 3948 1166 4016 mela
1178 3933 1306 4015 ¹meiere
1323 3954 1408 4014 sunt.
1422 3949 1520 4031 (Ed).

325 4058 368 4124 28
382 4061 430 4140 (l)
450 4059 489 4124 N.
512 4057 702 4136 „necessus”
723 4063 755 4123 et
777 4058 955 4134 „necessis”
978 4064 1011 4122 et
1032 4055 1243 4135 „necessitas”
1264 4061 1295 4120 et
1310 4053 1519 4134 „necessum”

323 4164 444 4230 lectum
469 4171 526 4229 est.
551 4164 613 4244 (W.
633 4170 684 4243 u).
758 4162 788 4227 8.
803 4163 907 4244 24(4)
931 4164 971 4229 Ν.
996 4169 1028 4228 et
1054 4161 1226 4240 „obsecro”
1253 4167 1285 4226 et
1310 4158 1459 4227 Gnatho''
1485 4160 1521 4225 id

325 4271 484 4357 siguificat
505 4277 538 4336 et
562 4273 617 4348 „in
641 4277 673 4336 te
696 4290 768 4356 spos
791 4269 871 4336 est''.
897 4268 959 4349 (W.
974 4274 1024 4350 u).
1107 4267 1150 4333 29
1164 4267 1212 4354 (1)
1238 4265 1318 4345 „In”
1343 4269 1463 4333 etenim
1487 4274 1522 4336 et

325 4383 424 4467 auget
446 4383 478 4443 et
501 4379 621 4444 minuit
644 4376 827 4444 dictionem.
852 4376 905 4458 (cf.
930 4374 961 4442 ΙΙ
986 4374 1016 4440 3.
1031 4373 1073 4439 45
1086 4374 1164 4462 (3)).
