3418 5392
682 379 839 429 nonanus.
1317 361 1360 428 25

163 548 330 615 illustrare
350 554 382 614 et
410 547 575 614 defendere
595 547 740 614 conabor.
766 547 942 632 Persequar
961 549 1068 614 omnia
1087 545 1206 613 scholia
1213 595 1221 626 ,
1242 567 1322 634 quae
1334 551 1368 613 in

166 639 366 721 Eunucho
391 661 425 722 et
447 655 702 720 Phormione
724 656 754 719 ei
773 653 968 740 adsignanda
987 674 1056 718 esse
1076 659 1205 738 putem,
1227 675 1364 739 quornm

166 761 245 827 duae
268 763 390 846 species
415 759 660 847 distinguendae
684 765 769 824 sunt.
794 760 945 824 Primum
964 761 992 824 is
1011 779 1138 844 quoque
1156 762 1362 845 repetitiones

167 866 253 932 dedit
275 872 373 951 atque
396 873 543 952 encerpta
569 872 600 931 et
623 865 811 951 compendia
834 862 1031 931 scholiorum
1055 864 1191 942 Donati,
1212 865 1267 930 sed
1285 864 1360 932 stilo

162 971 258 1058 longe
289 972 416 1038 diverso
446 977 573 1038 exarata
597 977 734 1057 atquae
758 959 858 1058 vulg'o
881 969 1048 1037 aemulum
1072 971 1207 1056 prodant
1229 970 1360 1037 Aelium

89 1143 94 1151 ,
164 1081 324 1165 corrigere
356 1083 389 1145 et
420 1099 570 1164 superare
600 1081 794 1164 cupientem.
820 1077 985 1144 Accedunt
1008 1077 1080 1143 dein
1103 1075 1365 1162 interpolationes

163 1187 397 1270 cuiuscumque
429 1187 556 1271 generis
587 1187 792 1260 innumerae,
818 1183 971 1248 Donateis
995 1181 1122 1248 scholiis
1146 1183 1294 1260 suffixae,
1319 1185 1367 1248 in-

164 1294 283 1369 sertae,
305 1293 400 1355 iuxta
419 1292 540 1376 positae
561 1296 618 1355 aut
637 1293 810 1376 oppositae.
835 1289 979 1374 Utraque
991 1292 1111 1376 species
1123 1310 1366 1375 nonnumquam

164 1404 234 1462 tam
266 1417 381 1482 parum
412 1397 532 1475 differt,
563 1404 600 1462 ut
633 1418 697 1462 non
729 1398 898 1482 separatim
925 1396 979 1460 sed
1002 1417 1067 1461 uua
1090 1397 1171 1460 serie
1194 1403 1366 1480 utramque

162 1507 299 1567 tractare
334 1505 437 1566 satius
474 1503 526 1566 sit.
562 1501 710 1566 Efficiam
747 1507 856 1566 tamen
886 1507 922 1564 ut
954 1498 1062 1586 aliqua
1093 1502 1213 1565 ratione
1244 1499 1366 1566 scholia

162 1608 262 1674 altera
282 1609 320 1673 ab
341 1607 451 1674 alteris
472 1607 724 1694 distinguantur.
763 1606 852 1672 Haec
872 1611 983 1671 autem
1002 1604 1243 1690 interpolatoris
1264 1608 1366 1671 nostri

163 1717 338 1799 specimina
361 1713 562 1778 inducuntur
583 1735 639 1798 per
663 1712 838 1799 particulas
861 1732 957 1797 supra
980 1709 1096 1776 relatas
1120 1716 1152 1774 et
1174 1714 1363 1796 praesertim

162 1842 218 1906 per
240 1820 435 1896 antitheses,
459 1841 518 1883 coa
533 1856 574 1868 —
587 1820 641 1883 aad
660 1821 744 1896 sim,
768 1821 1048 1904 interrogationes,
1069 1840 1120 1894 aa,
1140 1823 1240 1879 otram
1254 1853 1296 1864 -
1309 1841 1359 1895 aa,

153 1930 247 2005 sim,
272 1925 445 2003 formulas,
469 1925 589 1990 rettulit
611 1927 652 1988 cd
666 1963 707 1974 —
721 1926 763 1988 cd
785 1931 817 1990 et
840 1923 1018 2011 permultas
1041 1922 1129 1988 alias.

207 2033 269 2098 His
291 2031 591 2117 interpolationibus
612 2035 647 2097 in
666 2031 804 2097 editione
824 2051 883 2096 sua
900 2029 1009 2095 locum
1030 2028 1133 2106 dedit,
1153 2034 1191 2093 ut
1209 2031 1362 2113 suspicor,

162 2142 284 2204 iuxta
305 2137 460 2204 Donati
483 2138 649 2204 scholia
669 2143 702 2203 et
722 2137 822 2203 talem
843 2137 1018 2202 editionem
1038 2135 1187 2201 adhibuit
1207 2134 1365 2222 Compi·

163 2244 285 2311 lator.
319 2243 385 2308 Ubi
408 2250 515 2309 tamen
540 2244 590 2310 IP
614 2265 671 2329 pro
696 2243 847 2340 Dopateis
870 2264 955 2309 noua
978 2244 1146 2308 substituit
1169 2249 1201 2307 et
1223 2245 1365 2328 genuina

120 2375 123 2380 ·
165 2353 294 2427 omisit,
329 2347 528 2438 Oompilator
557 2351 635 2416 baec
659 2370 698 2415 ex
721 2349 784 2415 alio
808 2349 895 2414 fonte
918 2348 1040 2413 intulit.
1065 2347 1136 2413 Hoc
1161 2353 1269 2413 tamen
1292 2369 1363 2414 raro

164 2451 302 2533 accidit,
331 2457 501 2546 quoniam,
533 2461 571 2519 ut
595 2475 692 2541 supra
716 2454 877 2532 vidimus,
901 2453 1115 2540 interpolator
1137 2474 1277 2530 suarum¹
1292 2457 1364 2518 imi-

164 2564 326 2626 tationum
351 2562 623 2645 comparationem
647 2581 721 2626 cum
746 2560 875 2625 scholiis
898 2561 1060 2647 germanis
1083 2580 1146 2624 non
1173 2559 1277 2646 fugit,
1310 2558 1364 2624 sed

164 2670 272 2753 potius
308 2668 470 2751 quaesivit
505 2673 538 2732 et
572 2673 785 2750 utrorumque
821 2667 970 2731 notitiam
1000 2663 1172 2730 lectoribus
1203 2665 1360 2750 praebuit.

164 2771 366 2859 Compilator
389 2778 498 2864 autern
521 2780 686 2858 praeterea
710 2771 875 2837 transtulit
897 2792 1053 2858 magnum
1077 2792 1249 2836 numerum
1274 2771 1361 2835 addi-

164 2883 403 2956 tamentorum,
428 2887 666 2964 excerptorum,
691 2878 971 2965 compendiorum,
997 2898 1077 2962 quae
1097 2879 1251 2962 temporis
1268 2876 1361 2962 lapsu

163 3006 230 3050 sese
253 2987 498 3050 insinuaverant
519 2987 553 3049 in
576 2990 797 3050 commentum
820 2985 860 3049 ab
882 2983 1111 3069 interpolatore
1134 2987 1358 3060 retractatum,

166 3128 209 3139 -
232 3110 310 3155 nam
334 3091 443 3174 ipsum
467 3087 687 3157 commentum
711 3090 828 3156 Donati
852 3092 1033 3177 genuinum
1057 3109 1095 3153 ex
1114 3108 1187 3153 mea
1206 3090 1364 3154 sententia

163 3218 224 3261 nou
256 3195 424 3272 adhibuit,
448 3203 568 3261 -aut
598 3195 790 3282 legebantur
821 3198 856 3259 in
879 3195 1081 3281 marginibus
1105 3193 1282 3260 editionum
1306 3193 1363 3259 Te·

162 3303 393 3368 rentianarum.
426 3299 496 3380 Qua
525 3304 647 3367 ratione
675 3323 714 3368 ex
746 3302 798 3366 his
822 3301 989 3366 elementis
1014 3306 1139 3366 nostrae
1164 3297 1362 3364 scholiorum

165 3407 369 3474 collectiones
400 3410 537 3472 maiores
568 3410 769 3487 exstiterint,
793 3408 849 3472 ubi
880 3428 960 3493 opus
984 3412 1032 3471 est
1056 3404 1232 3469 identidem
1264 3404 1364 3470 decla·

164 3535 232 3579 rare
264 3515 411 3580 conabor.
445 3511 671 3599 Oompilatoris
703 3534 832 3599 operam
864 3515 898 3577 iu
929 3518 1109 3578 commento
1141 3511 1363 3577 constituendo

164 3642 228 3685 uon
252 3639 407 3705 magnam
431 3620 529 3684 fnisse
553 3620 727 3705 apparebit.

209 3852 280 3938 §3.
305 3841 673 3938 Interpolatio'nes
696 3854 738 3917 in
761 3851 962 3917 Eunucho
988 3858 1028 3917 et
1051 3850 1311 3916 Phormione.

208 4050 310 4133 Quale
340 4050 628 4136 interpolatiouum
653 4071 756 4136 genus
780 4048 965 4136 intelligam
988 4069 1083 4134 supra
1106 4047 1264 4114 declaravi
1284 4071 1314 4135 p.
1341 4049 1361 4116 9

164 4324 366 4377 Parallelarnouta
383 4339 397 4374 a
415 4326 508 4374 Donato
525 4322 633 4374 abbiamo
650 4321 740 4388 l'opera
757 4322 782 4371 di
801 4339 832 4372 uu
850 4338 893 4372 suo
908 4320 1100 4388 compendiatore
1113 4323 1162 4384 (aad
1177 4314 1231 4389 plus
1246 4327 1361 4388 estquam

163 4406 361 4474 compendiorum
386 4406 523 4468 coniector),
549 4405 593 4455 cha
609 4405 643 4470 gli
661 4421 691 4455 ra
707 4405 775 4470 quari
791 4421 884 4470 compre
901 4405 925 4455 di
943 4404 995 4470 pari
1013 4419 1096 4469 passus
1114 4420 1127 4453 a
1144 4405 1193 4455 cori
1209 4421 1267 4454 acuo
1284 4406 1335 4454 uati
1352 4405 1361 4453 i

165 4489 288 4558 doppioui.
306 4489 374 4538 stud.
390 4487 445 4538 Ital.
464 4487 505 4537 111
522 4489 569 4538 cal
589 4487 619 4538 al.
638 4488 701 4538 hunc
718 4486 870 4538 scholiastam
888 4485 1018 4553 appellavit
1038 4486 1070 4537 ,11
1085 4485 1277 4546 continuatoro''.
