3450 5382
356 362 421 428 nst
873 381 1030 431 nonanus

331 541 500 628 -exemplo
530 563 626 608 usum
656 563 742 621 esse,
774 546 808 609 iu
838 565 902 630 qno
933 566 1059 611 curae
1090 547 1220 611 omniuo
1242 567 1305 611 non
1329 547 1551 623 nominantur,

351 648 469 718 idcirco
492 648 615 714 addidit
638 649 912 717 adseverationem
937 673 994 738 per
1018 652 1105 716 einim.

398 755 478 822 Ibid.
503 754 546 820 IV
571 753 659 820 412
695 755 839 823 Turbent
864 779 957 844 porro
981 780 1079 844 qnam
1104 757 1208 826 velint

397 860 478 928 Don.
504 861 553 941 (1)
578 862 703 943 „Quam
729 861 852 928 velint’'
876 866 910 927 in
936 871 1093 950 qnantum
1114 864 1225 930 velint.
1296 862 1354 929 Ed.
1369 863 1417 945 (2)
1432 858 1548 948 (Ant)

351 988 423 1034 eam
447 989 544 1054 qnam
569 967 670 1034 velint
692 967 874 1048 mulierem.
901 969 963 1036 Sed
987 971 1105 1036 melius
1128 975 1177 1037 est
1201 969 1285 1057 quod
1308 993 1400 1052 cupro
1420 973 1466 1050 (in
1480 969 1551 1050 (1))

351 1073 490 1138 dicimus.
561 1074 699 1140 Prevam
723 1077 939 1141 coniecturam
964 1078 1086 1162 profert
1110 1075 1210 1142 simul
1231 1081 1263 1141 et
1287 1076 1446 1161 repudiat.

396 1179 477 1245 Ibid.
502 1178 529 1244 V
555 1180 586 1245 2.
600 1180 643 1247 26
678 1181 721 1246 ht
747 1187 779 1247 te
803 1181 903 1247 simul
928 1186 1107 1268 suspicione
1131 1181 1275 1249 exsolves

396 1289 445 1367 (1)
469 1286 539 1353 Hoc
562 1294 610 1352 est
633 1287 718 1374 quod
740 1309 837 1374 supra
862 1294 922 1369 (vs.
950 1289 1006 1371 13)
1030 1290 1113 1354 dixit
1135 1291 1303 1356 crimen.
1329 1289 1395 1354 Nos
1419 1308 1549 1374 quoque
1630 1362 1632 1366 ¹

349 1395 562 1478 suspicionem
587 1395 779 1476 interpretati
802 1418 912 1460 camna
981 1396 1149 1462 Postrema
1171 1395 1245 1461 inde
1269 1415 1288 1460 a
1312 1395 1376 1459 Noa
1398 1396 1465 1459 iam
1490 1393 1549 1460 eli-

272 1486 275 1492 ’
350 1502 487 1566 minavit
511 1499 767 1566 Wessnerns.

394 1604 442 1673 Of.
464 1605 504 1670 ad
524 1605 667 1672 Donatus
686 1628 734 1672 vs.
746 1606 791 1688 Ι13
814 1608 919 1686 „Nam
939 1610 967 1673 si
987 1610 1178 1694 compererit
1199 1610 1328 1674 crimini
1348 1615 1404 1673 tna
1420 1629 1454 1674 sc
1466 1629 1550 1673 uxor

349 1711 529 1790 credidisse,
561 1715 693 1778 missam
723 1715 806 1778 iram
838 1713 954 1780 faciat’'
987 1714 1035 1796 (2)
1067 1712 1229 1781 Crimen
1260 1735 1345 1779 nnuc
1376 1735 1432 1799 pro
1461 1712 1547 1779 falsa

308 1816 312 1824 '
350 1821 529 1904 suspicione
554 1821 679 1904 posuit,
704 1818 866 1906 Vergilius
891 1826 1083 1906 (sequnntur
1107 1820 1169 1885 duc
1194 1826 1290 1900 exn).

395 1923 598 1990 Phormio
622 1924 638 1988 I
661 1923 692 1988 4.
708 1921 750 1990 37
786 1925 848 1990 Sed
872 1927 943 2010 qnis
967 1926 1019 1991 hic
1041 1932 1090 1991 est
1113 1946 1208 1990 senex

398 2029 445 2110 (l)
478 2029 558 2108 Sed,
582 2037 616 2094 nt
638 2030 784 2109 dicimur,
809 2034 984 2096 transitum
1009 2031 1168 2117 significat
1193 2030 1232 2096 ad
1256 2029 1391 2096 alteram
1414 2051 1482 2096 rem
1509 2030 1549 2095 ab

353 2139 395 2203 ea‘
413 2158 494 2222 quae
518 2137 682 2224 agebatur.

399 2242 564 2329 Repetivit
594 2243 652 2309 Ed.
682 2264 720 2308 ex
745 2243 760 2309 l
784 2242 815 2309 2.
831 2240 848 2309 7
862 2243 910 2322 (2)
935 2242 1041 2323 „Sed”
1069 2242 1225 2328 particula
1249 2245 1422 2308 transitum
1446 2243 1550 2328 signi·

354 2353 404 2414 cat
427 2348 467 2413 ad
490 2351 686 2415 mentionem
709 2349 841 2414 alterius
865 2352 921 2414 rei.
948 2347 996 2416 Of.
1021 2370 1118 2435 supra
1141 2369 1173 2434 p.
1199 2347 1264 2413 284
1289 2349 1328 2414 ad
1351 2348 1365 2413 1
1389 2349 1420 2412 4.
1436 2347 1490 2414 15.

397 2566 484 2654 Ergo
512 2570 644 2633 unicum
674 2567 792 2633 Donati
820 2568 1006 2653 exemplum
1037 2568 1102 2635 Ad.
1124 2567 1170 2634 ΙΙΙ
1191 2567 1221 2632 2.
1236 2565 1278 2633 27
1304 2566 1353 2647 (2)
1376 2566 1547 2633 Editorem

233 2743 236 2749 ,
352 2672 391 2738 ad
416 2674 552 2739 abusum
577 2675 673 2740 huius
697 2673 853 2741 formulae
876 2675 1046 2760 perduxit,
1071 2696 1107 2740 eo
1132 2672 1254 2740 scilicet
1277 2672 1408 2738 consilio
1433 2678 1471 2738 ut
1496 2680 1546 2740 to-

351 2782 416 2845 tius
440 2783 616 2846 commenti
639 2802 671 2846 se
695 2789 858 2847 auctorem
881 2781 1089 2867 praedicaret.

394 3098 540 3185 ipsorum
571 3098 765 3165 scholiorum
796 3101 1002 3183 inquisitione
1034 3100 1074 3165 ad
1098 3098 1193 3164 finem
1218 3097 1372 3183 perducta
1394 3095 1486 3162 lubet
1509 3097 1546 3161 in

349 3226 480 3270 censum
512 3226 624 3273 vocare
656 3226 693 3270 ea
724 3208 899 3271 commenti
930 3205 1069 3284 scholia,
1101 3207 1157 3270 ubi
1188 3205 1329 3270 sontes
1363 3201 1548 3268 indicantur
1655 3223 1659 3228 ·

349 3313 539 3378 nominatim
567 3311 619 3377 vel
642 3333 699 3397 per
722 3311 876 3377 formulas
898 3312 1029 3397 paridam,
1054 3312 1122 3388 alii,
1147 3318 1216 3375 aunt
1235 3311 1297 3395 qni,
1319 3312 1391 3374 sim.
1416 3308 1465 3372 Ex
1485 3308 1547 3373 hac

350 3423 459 3482 autem
491 3421 672 3485 recensione
704 3440 765 3483 non
789 3416 933 3483 multum
956 3417 1038 3483 lucis
1062 3417 1228 3503 effulgebit
1252 3416 1291 3481 ad
1314 3414 1545 3480 difficillimum

349 3522 388 3588 de
423 3527 598 3589 commenti
632 3523 775 3589 fontibus
811 3526 1029 3610 quaestionem
1060 3523 1294 3589 illustrandam.
1331 3520 1545 3607 Intellegetur

349 3630 572 3696 tantummodo
596 3630 758 3696 Donatum
782 3653 842 3696 non
866 3651 967 3717 pauca
992 3630 1150 3707 subsidia,
1174 3629 1228 3694 sed
1253 3627 1434 3693 multorum
1458 3646 1546 3691 com-

349 3744 583 3816 mentatorum,
607 3740 914 3822 grammaticorum,
939 3736 1184 3802 scholiastarum
1212 3756 1357 3821 qnoque,
1380 3736 1414 3798 ni
1438 3731 1544 3810 fallor,

348 3845 533 3907 testimonia
563 3827 762 3920 adhibuisse,
795 3863 850 3907 neo
882 3864 944 3907 nou
974 3842 1140 3909 Editorem
1164 3848 1196 3906 et
1220 3843 1391 3926 magistros
1416 3841 1545 3923 saepius

348 3949 387 4013 ad
417 3954 561 4013 auctores
591 3948 744 4033 quosdam
775 3969 963 4033 provocasse
971 3969 979 4028 ;
1013 3955 1174 4034 praeterea
1203 3945 1364 4012 Donatum
1388 3967 1427 4011 ex
1452 3965 1544 4010 more

346 4061 528 4139 temporum
545 4053 568 4135 1)
588 4056 679 4121 iuxta
699 4054 836 4120 aliorum
856 4057 1020 4140 opiniones
1039 4077 1103 4119 non
1124 4074 1193 4119 raro
1213 4073 1304 4117 snam
1317 4054 1460 4137 posuisse
1473 4052 1543 4116 sine

345 4160 520 4238 decisione;
553 4182 646 4246 porro
677 4182 832 4246 quosnam
863 4162 966 4226 tontes
990 4163 1159 4246 praecipue
1184 4161 1296 4244 magni
1319 4157 1442 4235 fecerit,
1466 4155 1543 4222 Pro·

310 4325 313 4329 .
348 4329 543 4340 ἡ

379 4419 406 4478 1)
430 4418 465 4467 Cf.
490 4420 564 4468 Locus
589 4418 775 4481 Hieronymi
799 4434 869 4482 quern
892 4418 956 4466 inira
973 4418 1050 4467 citabo
1068 4418 1093 4466 in
1111 4415 1273 4474 adnotatione,
1290 4415 1372 4478 ibique
1389 4428 1450 4478 qnae
1468 4412 1542 4464 verba

343 4500 458 4564 leguntur
476 4501 505 4549 ab
518 4501 592 4550 initio
609 4505 634 4550 at
651 4503 705 4550 tine.
730 4529 731 4532 =
