3418 5392
668 388 671 394 -
701 359 858 410 norsrus.
1302 336 1355 409 '85

207 525 288 592 Don.
322 529 402 592 scite
432 526 481 609 (1)
512 526 674 612 Experto
698 526 873 603 consentit,
898 527 955 611 qui
978 527 1023 591 sio
1047 528 1236 613 interrogat.
1305 526 1355 591 ΙΡ

162 632 208 714 (2)
227 631 411 700 Credere
431 634 608 699 dubitantis
627 639 690 711 est,
711 637 871 698 certum
892 653 984 698 esse
1002 632 1140 698 fidentis.
1209 633 1355 699 Donatus

160 759 318 824 nusquam
339 736 473 825 allegat,
495 760 575 825 quae
596 739 724 804 adrem
745 758 808 804 non
828 740 988 823 pertinent
1007 743 1040 803 et
1060 740 1195 805 minime
1215 741 1354 804 otiosum

160 844 343 909 istiusmodi
367 845 596 910 veriverbium.

151 1001 153 1005 .
203 947 284 1014 ibid.
311 948 354 1014 46
387 949 436 1030 (2)
467 949 611 1036 „Frugi”
645 949 737 1015 utilis
768 970 803 1014 ac
834 952 1048 1028 necessarius,
1081 971 1099 1015 a
1133 950 1353 1037 frugibus,

161 1075 239 1140 quae
270 1054 355 1141 quod
385 1057 436 1120 his
466 1055 657 1122 fruamur
686 1058 733 1120 ita
765 1055 868 1121 diotae
893 1061 985 1134 sunt;
1013 1047 1054 1105 -'-
1078 1055 1163 1120 unde
1185 1056 1355 1120 tructus

161 1165 191 1225 et
214 1161 484 1226 frumentum.
509 1199 552 1210 -
573 1161 621 1242 (3)
646 1161 743 1226 Frui
767 1166 877 1227 autem
901 1166 950 1226 est
975 1163 1079 1239 vesci,
1105 1183 1124 1226 a
1148 1161 1353 1240 frumine,

160 1287 238 1350 quae
262 1271 311 1332 est
335 1288 463 1332 summa
485 1288 559 1353 pars
583 1266 699 1355 gulae,
724 1271 798 1334 cett.
863 1266 1038 1332 Emblema
1059 1269 1249 1333 continuum
1268 1269 1355 1333 scho-

159 1370 241 1436 lium
263 1375 364 1459 rupit.

182 1554 229 1639 ,V
255 1554 320 1642 1‚5
356 1554 532 1642 Eunuchus
556 1555 655 1619 abiit:
682 1574 779 1640 quam
803 1554 842 1618 ob
866 1575 935 1620 rem
959 1554 1095 1643 etquid
1119 1554 1313 1644 factumest

202 1663 250 1739 (1)
282 1661 364 1740 Quia
394 1662 496 1726 nescit
526 1681 673 1738 causam,
705 1681 768 1725 non
800 1660 929 1746 „fugit”
954 1659 1037 1724 dixit
1058 1659 1113 1724 sed
1139 1661 1272 1738 „abiit’',
1296 1681 1353 1752 nec

162 1763 355 1844 „Chaerea'',
376 1766 431 1831 sed
452 1765 671 1852 „eunuchus''.
741 1765 848 1830 Nimis
870 1768 1026 1843 otiosum,
1047 1786 1121 1829 cum
1134 1767 1247 1850 inipso
1261 1770 1353 1831 textu

160 1870 288 1959 legatur
318 1875 434 1938 nesciri
464 1893 610 1949 oausam,
642 1877 675 1936 et
706 1871 959 1937 denominando
983 1870 1123 1939 Chaerea
1148 1872 1353 1937 omninohic

163 1999 264 2044 sermo
288 1971 356 2044 esse
379 1978 522 2043 nondum
545 1979 662 2064 potuit.

204 2085 284 2150 lbid.
311 2081 330 2150 7
366 2083 445 2164 Quis
468 2084 532 2149 fuit
553 2079 677 2170 igitur?
714 2082 741 2146 P
749 2103 783 2167 y.
807 2081 871 2147 iste
895 2080 1035 2148 Chaerea

203 2191 250 2270 (1)
281 2190 370 2255 Haec
402 2192 603 2255 cunctatione
627 2186 862 2274 pronuntianda
885 2194 977 2266 sunt,
1001 2190 1076 2278 quia
1100 2193 1156 2252 aut
1178 2188 1282 2254 invita
1306 2171 1353 2253 in·

161 2295 244 2361 dicat
273 2301 331 2362 aut
361 2295 489 2382 dubitat
520 2295 558 2360 de
581 2297 712 2359 nomine
734 2295 839 2379 ignoti
861 2301 918 2359 aut
942 2293 1081 2380 trepidat
1103 2315 1160 2380 per
1183 2296 1333 2360 timorem

154 2409 281 2488 utnon
305 2401 454 2490 videatur
478 2401 616 2488 adfuisse
638 2398 692 2465 vel
716 2401 811 2464 scisse
834 2421 910 2465 cum
933 2399 1040 2477 fieret,
1066 2405 1122 2465 aut
1147 2400 1350 2478 (ostendat),

160 2501 257 2592 quam¹
277 2529 339 2573 non
362 2505 500 2572 libenter
523 2506 606 2571 dicat
630 2507 699 2570 eius
720 2525 853 2589 nomon,
874 2507 926 2571 cui
945 2507 1103 2571 irascitur.
1196 2505 1248 2571 Sic
1268 2504 1348 2570 Don.

158 2615 253 2679 nimis
272 2613 405 2679 sortasse
423 2611 578 2697 prolixus.
600 2611 769 2704 Sequitur:
787 2610 836 2692 (2)
855 2610 917 2676 Sed
937 2632 997 2698 ego
1009 2632 1146 2703 agnosco
1158 2610 1347 2676 ancillarum

158 2717 436 2797 consuetudinem,
461 2718 545 2803 quod
569 2717 742 2808 obliviosae
766 2722 842 2782 sunt
861 2720 1030 2782 nominum
1046 2716 1079 2798 ¹).
1156 2715 1209 2782 Sic
1221 2716 1345 2782 Editor.

200 2823 281 2889 ibid.
307 2823 328 2888 8
363 2824 432 2910 Py.
458 2823 521 2888 lste
545 2824 687 2908 ephebus
711 2823 810 2887 frater
833 2822 1008 2887 Phaedriae

201 2930 251 3012 (1)
285 2929 450 3015 Ephebi
485 2950 603 2994 numen
637 2928 677 2994 ad
712 2932 851 2993 aetatem
882 2927 1027 3006 rettulit,
1062 2949 1126 3000 non
1157 2926 1196 2992 ad
1227 2928 1349 2993 facinus

157 3036 376 3100 commissum.
468 3033 609 3099 Obscura
640 3033 803 3099 adnotatio
825 3033 984 3099 declarare
1008 3033 1138 3100 videtur
1160 3033 1244 3119 quod
1268 3033 1348 3098 Don.

156 3143 282 3226 scripsit
305 3140 354 3220 (2)
377 3140 572 3225 Ephebus
595 3142 658 3204 cito
684 3145 736 3220 (=
747 3140 900 3219 breviter)
924 3139 1073 3217 ostendit,
1098 3160 1155 3204 cur
1176 3141 1267 3212 (sit)
1287 3141 1348 3204 iste

157 3248 320 3312 eunuchus
343 3247 483 3311 creditus
507 3244 589 3327 (scil.
615 3243 690 3331 quia
713 3247 812 3310 etiam
835 3245 975 3310 eunuchi
998 3244 1126 3312 virilem
1150 3245 1264 3310 faciem
1287 3265 1349 3309 non

158 3351 296 3434 habent).

200 3457 280 3523 lbid.
307 3454 349 3523 17
386 3457 470 3538 Quid
493 3455 576 3521 illud
599 3456 740 3521 hominis
765 3453 832 3521 esti
867 3506 870 3510 .

202 3563 249 3644 (2)
271 3564 335 3645 Per
356 3566 547 3650 genetivum
570 3582 681 3627 casum
703 3563 857 3627 iniuriose
880 3560 1007 3639 dicitur,
1031 3582 1087 3646 per
1109 3563 1349 3627 nominativum

157 3669 335 3734 honorifice.
426 3669 561 3734 Videtur
583 3670 724 3733 imitatio
747 3666 862 3755 scholii
883 3665 1019 3733 Donad
1060 3664 1091 3729 II
1111 3665 1247 3747 ,2.6(1).
1270 3666 1350 3732 Vide

160 3795 253 3860 supra
277 3796 308 3860 p.
335 3773 388 3841 13.
936 3800 939 3806 ’

203 3957 227 4022 V
243 3957 304 4023 21
332 3957 427 4042 Apud
438 3954 658 4041 Antiphonem
672 3961 816 4042 uterque,
829 3961 920 4041 pater
931 3961 963 4020 et
975 3959 1088 4032 mater,
1161 3955 1248 4019 domi
1260 3962 1350 4022 erant

204 4063 251 4145 (3)
284 4063 358 4128 Non
388 4068 567 4149 uterque
590 4069 711 4148 pater
735 4069 767 4127 et
790 4068 970 4146 utraque
995 4067 1149 4137 mater,
1174 4060 1228 4125 sed
1250 4067 1349 4126 uter-

163 4187 235 4252 que
257 4189 427 4255 parens,
452 4171 527 4252 quia
550 4173 653 4233 mater
676 4174 709 4233 et
731 4169 832 4253 pater,
902 4166 1092 4253 Insipidum.

191 4384 217 4447 1)
234 4383 274 4433 Sic
291 4383 417 4447 legendum
434 4382 536 4431 videtur.
555 4381 628 4430 codd.
646 4381 784 4446 compendia
801 4379 889 4428 babent
907 4379 947 4427 dn.
964 4379 1019 4436 oso,
1039 4378 1101 4426 unde
1119 4375 1211 4427 Wessn.
1231 4376 1351 4429 ‚dominn-

158 4465 238 4528 rnn”,
250 4466 316 4529 qnod
328 4481 379 4514 non
395 4464 518 4528 intellego.
544 4465 579 4513 De
593 4478 648 4528 ego
665 4464 696 4514 ct.
717 4463 808 4513 Mrem
826 4459 919 4512 XXXII
930 4475 961 4525 p.
975 4460 1035 4510 aaa.
