3450 5382
357 398 421 464 116
873 413 1030 463 nonanus.

355 580 400 661 (X
425 577 505 660 720)
530 626 560 657 ,,.
576 625 606 644 ..
632 574 749 643 Graius
771 578 901 643 homo'’.
929 615 968 628 -
996 578 1044 660 (4)
1070 578 1209 658 „Orare”
1234 580 1362 666 proprie
1371 598 1379 657 ;
1409 579 1456 643 sio
1477 577 1555 643 Ver-

353 685 453 774 gilius
480 685 637 764 „orabunt
660 703 770 748 causas
790 683 931 749 melius'’
955 683 1012 764 (VI
1037 683 1151 769 849),

397 790 540 856 Indieevi
572 787 873 874 interpolationem:
908 788 1003 868 „me”
1028 792 1159 875 omnino
1181 811 1246 855 non
1269 790 1418 874 usurpari
1441 789 1553 874 potuit

351 897 412 963 hoo
435 895 503 962 looo
526 899 559 960 et
582 892 768 979 exemplum
792 892 929 980 Vergilii
952 897 1060 959 minus
1084 892 1192 977 efficax
1217 899 1265 959 est
1284 914 1381 978 quam
1402 891 1553 958 Sallustii

351 1004 385 1066 in
407 1002 473 1082 (l);
500 999 677 1080 „dicendo”
703 1006 735 1064 et
759 1000 933 1077 „non-sed'
958 1000 1097 1086 produnt
1120 1000 1235 1065 stilum
1258 999 1410 1065 Editoris.

397 1214 428 1280 Π
452 1213 519 1279 28
554 1213 638 1294 Quid
671 1215 720 1279 vis
744 1215 808 1278 nisi
831 1218 869 1276 ut
893 1217 1020 1278 maneat
1043 1212 1207 1278 Phanium
1230 1217 1326 1298 atque
1350 1234 1388 1278 ex
1414 1215 1551 1278 erimine

351 1322 412 1386 boo
437 1320 654 1405 Antiphonem
678 1321 814 1404 eripiam
838 1324 871 1384 et
893 1321 926 1382 in
949 1340 1001 1384 me
1024 1340 1152 1384 omnem
1166 1309 1255 1384 'iram
1274 1318 1419 1385 derivem
1438 1321 1525 1384 senis

383 1426 446 1505 ,(2)
470 1424 545 1490 Tria
568 1427 731 1510 promittit
753 1427 787 1488 in
811 1425 928 1510 quibus
952 1428 1057 1490 omnis
1081 1426 1275 1511 Antiphonis
1293 1445 1388 1490 eausa
1409 1431 1458 1490 est
1478 1447 1551 1491 oon-

260 1538 269 1550 '
350 1535 475 1598 stituta.
546 1529 593 1611 (4)
618 1528 789 1604 Considera
813 1533 914 1595 trium
939 1551 1047 1596 rerum
1072 1551 1150 1616 quas
1168 1533 1332 1615 promittit
1349 1530 1471 1617 gradus
1491 1552 1550 1617 por

351 1640 497 1704 auxesim
521 1657 588 1702 esse
613 1643 787 1702 servatos
1187 1661 1190 1670 v

396 1742 483 1808 Illud
505 1743 631 1808 Elditori
655 1740 715 1807 hoo
738 1742 864 1807 Donato
887 1741 1039 1808 dederim.

396 1850 478 1915 Ibid.
506 1849 548 1914 10
559 1849 608 1930 (1)
643 1847 669 1913 Ο
694 1850 745 1913 vir
767 1849 860 1914 fortis
883 1854 979 1933 etque
1003 1851 1126 1914 amiens

397 1955 445 2038 (1)
476 1955 593 2020 Ordine
624 1953 788 2032 laudavit,
820 1954 893 2041 plus
919 1959 967 2020 est
990 1958 1078 2020 enim
1101 1956 1224 2020 amious
1247 1975 1344 2040 quam
1369 1957 1420 2019 vir
1443 1955 1547 2021 fortis.

398 2061 459 2126 Vix
483 2063 674 2147 genuinum.

396 2167 477 2232 Ibid.
505 2165 546 2231 18
581 2166 618 2230 ln
644 2164 712 2232 illis
736 2186 831 2251 opera
853 2165 980 2231 luditur

372 2270 652 2354 Δ(1’)),,11111111111”
683 2279 857 2337 exercetur.
928 2271 976 2354 (6)
1005 2273 1054 2337 An
1086 2271 1279 2350 „illuditur”
1309 2273 1369 2337 hoo
1401 2279 1451 2338 est
1480 2272 1548 2337 fru-

350 2374 492 2443 stratur?
583 2377 653 2442 Hoo
683 2378 742 2442 lid.
774 2377 914 2457 addidit,
946 2385 984 2443 ut
1014 2378 1118 2443 forma
1140 2378 1269 2450 indicat.
1302 2376 1338 2442 ln
1361 2379 1408 2460 (l)
1434 2383 1545 2444 autem

350 2481 567 2568 supplendum
598 2504 708 2548 oenseo
736 2483 897 2561 „frustra”
922 2488 994 2569 post
1017 2488 1192 2549 exercetur.
1217 2483 1371 2549 Formula
1394 2484 1546 2570 frequens

350 2596 398 2654 est
420 2591 454 2653 in
480 2587 594 2654 Plauto
615 2596 647 2654 et
667 2588 832 2672 Terentio,
853 2592 909 2675 qui
927 2589 1038 2655 eadem
1058 2590 1292 2677 significatione
1312 2591 1411 2655 etiam
1435 2591 1547 2656 diount

352 2715 502 2780 „operam
538 2694 702 2780 perdere’'.
737 2693 786 2761 Of.
822 2695 1001 2761 Lorentn
1036 2695 1076 2761 ad
1110 2695 1226 2762 Pseud.
1260 2693 1337 2776 357,
1372 2695 1473 2761 Brix
1505 2696 1544 2762 ad

352 2799 443 2885 Oapt.
469 2799 546 2865 344.
897 2837 900 2841 -

395 2906 476 2972 Ibid.
500 2904 543 2972 27
579 2905 639 2972 111ε
663 2909 806 2994 ringitur
829 2913 866 2972 tu
889 2907 992 2972 rideas

395 3011 475 3078 Don.
508 3010 557 3093 (4)
591 3011 696 3090 Varie,
731 3033 806 3077 nam
840 3014 1081 3097 pronuntiative
1117 3014 1361 3080 ooniunotivum
1398 3015 1541 3079 misouit.

349 3117 482 3184 Addidit
504 3116 635 3182 llditor:
660 3139 723 3183 non
747 3117 830 3182 dixit
853 3120 939 3182 enim
965 3117 1161 3203 „ringitur''.

394 3223 475 3288 Ibid.
500 3222 543 3287 29
580 3222 642 3287 Ubi
665 3227 703 3287 tu
726 3222 853 3288 dubites
878 3223 955 3308 quid
978 3244 1086 3287 sumes
1110 3225 1315 3307 potissimum

394 3329 442 3411 (2)
462 3328 533 3394 Non
555 3328 705 3414 „potius”
727 3329 781 3394 sed
802 3329 1053 3414 „potissimum”
1075 3329 1174 3406 dixit,
1195 3331 1287 3394 utin
1310 3349 1343 3394 re
1363 3331 1454 3394 omni
1473 3327 1544 3395 aliis

348 3436 412 3502 alia
436 3437 559 3520 potiora
583 3439 784 3500 monstraret.
811 3435 946 3500 Plautus
970 3436 1143 3513 „standum
1167 3437 1273 3500 estin
1297 3434 1397 3513 lecto,
1419 3436 1545 3521 siquid

349 3541 387 3605 de
412 3560 540 3605 summa
559 3539 671 3624 petas''
696 3540 795 3620 (Men.
816 3523 832 3604 1
856 3541 884 3605 1.
898 3538 965 3621 27).
1035 3539 1285 3626 Philosophetur
1305 3545 1338 3605 ot
1357 3540 1544 3626 exemplum

349 3648 462 3710 asserit
485 3647 644 3729 ineptum.

393 3859 604 3925 Pervenimus
623 3858 663 3925 ad
683 3879 753 3925 eam
774 3860 977 3925 Phormionis
998 3879 1143 3924 soaenam
1163 3857 1208 3939 (ΙΙ
1228 3858 1272 3938 3),
1297 3859 1389 3924 ouius
1410 3858 1540 3938 scholia,

346 3973 419 4052 post
442 3968 562 4052 primos
585 3987 715 4044 versus,
739 3964 911 4051 dupliciter
934 3971 1010 4030 sunt
1033 3965 1168 4042 tradita,
1191 3966 1226 4029 in
1247 3963 1349 4030 altera
1372 3965 1453 4031 serie
1474 3967 1502 4031 A
1523 3985 1542 4030 a

346 4093 394 4138 vs.
417 4070 437 4135 3
462 4071 500 4135 ad
523 4071 639 4150 finem,
662 4075 694 4136 in
719 4070 819 4137 altera
842 4071 868 4136 Β
891 4092 909 4136 ε
930 4069 1017 4137 vab
1043 4070 1207 4136 adfinem.
1231 4069 1299 4136 Has
1319 4076 1431 4136 autem
1451 4069 1542 4136 Sab-

346 4177 508 4256 bedini,
534 4177 719 4257 Rabbow,
747 4176 941 4244 Wessner
965 4183 1200 4263 repraesentare
1224 4177 1379 4262 putebant
1404 4177 1541 4244 duorum

345 4282 579 4368 Excerptorum
613 4283 746 4350 illorum
781 4285 956 4351 commenti
997 4286 1190 4369 specimina,
1232 4303 1313 4367 quae
1348 4283 1388 4348 ad
1423 4289 1541 4350 ooteras

344 4388 468 4453 fabulas
495 4389 655 4475 huiusque
680 4411 806 4456 soaenas
829 4393 950 4476 primas
978 4387 1237 4476 aOompilatore
1262 4393 1367 4454 essent
1390 4390 1538 4467 confusa,

345 4496 399 4561 sed
423 4496 463 4561 ad
486 4496 566 4563 hano
589 4517 735 4563 scaenam
757 4498 796 4563 ab
821 4497 933 4563 eodem
955 4495 1056 4562 altera
1079 4503 1152 4582 post
1175 4494 1311 4562 alteram
1335 4498 1536 4584 transcripta.
