3418 5392
662 393 820 441 6666666.
1301 375 1343 438 la

197 561 225 626 V
249 561 280 627 2.
299 559 342 626 68
354 560 402 640 (2)
433 557 646 644 Interrogatio
676 557 754 623 haec
784 559 1036 642 increpationem
1068 561 1210 624 continet
1240 562 1347 644 impu-

152 667 332 733 dentissimi
360 667 448 730 faeti.
529 664 578 744 (3)
602 663 690 728 Η666
712 665 921 749 interrogatio
943 667 1101 730 irrisionis
1125 665 1219 752 plena
1243 669 1348 731 66116

155 795 246 850 eum,
272 793 368 858 quem
391 770 475 835 nihil
497 769 626 855 pudeat.

198 879 275 944 Fere
309 876 445 952 similia,
478 876 534 940 sed
566 875 712 940 alterum·
737 873 784 955 (3)
816 875 912 960 paulo
943 879 1078 954 rectius,
1111 898 1185 942 nam
1209 878 1346 963 Pythias

155 1006 230 1050 cum
254 983 331 1047 dicit
355 982 480 1062 „Quam
505 983 544 1046 ob
567 1001 636 1045 rem
659 979 789 1044 taudem
813 992 868 1060 (66.
890 979 1016 1062 616666)1
1042 984 1088 1046 Α6
1111 985 1185 1069 6616
1205 981 1347 1068 pudetl’'

156 1111 219 1154 non
241 1091 401 1173 increpat,
428 1086 482 1152 sed
504 1086 618 1151 irridet
643 1087 790 1151 subitum
810 1083 966 1152 Ohaereae
986 1088 1158 1173 pudorem,
1180 1091 1235 1175 661
1254 1088 1349 1174 paulo

157 1200 229 1259 6616
252 1196 414 1280 virginem
437 1191 558 1277 violare
582 1213 679 1257 ausus
702 1195 754 1256 sit.
780 1189 863 1258 Oum
882 1195 985 1279 igitur
1005 1194 1052 1275 (2)
1072 1195 1123 1258 IP
1142 1195 1350 1261 tribuendum

157 1303 214 1379 sit,
235 1302 400 1385 quaeritur
418 1299 614 1384 receperitis
633 1299 668 1362 in
688 1297 861 1362 editionem
882 1300 975 1364 modo
987 1303 1246 1366 retractationem
1259 1321 1351 1365 suam

156 1427 197 1472 66
228 1408 326 1470 etiam
353 1403 449 1470 schol.
473 1405 656 1490 genuinum
680 1403 808 1468 Donati.
841 1404 950 1469 Primo
975 1407 1089 1470 auditu
1112 1409 1250 1491 suspicio
1273 1409 1351 1472 satis

157 1512 292 1577 absurda
321 1519 388 1588 est,
418 1513 617 1575 imitatorem
650 1512 694 1574 sie
726 1515 828 1574 semet
858 1513 967 1596 ipsum
990 1511 1178 1597 prodidisse.
1203 1511 1265 1578 Sed
1288 1514 1352 1598 ipsi

157 1618 217 1682 hoe
243 1616 337 1682 aliter
361 1616 540 1694 videbatur,
572 1635 629 1680 sua
651 1636 766 1700 nempe
788 1617 920 1680 inventa
944 1619 1121 1701 praenitere
1144 1617 1297 1682 Donateis
1320 1622 1353 1681 61

159 1725 235 1788 haee
258 1722 326 1787 illis
352 1723 522 1787 obscurari.
549 1721 618 1786 Hae
644 1727 770 1786 tantum
793 1725 916 1787 ratione
940 1721 1093 1807 explicari
1116 1730 1249 1808 possunt
1268 1744 1354 1809 repe-

161 1832 291 1895 titiones
321 1829 519 1905 manifestae,
551 1829 608 1892 ubi
631 1849 747 1913 nempe
771 1827 877 1913 aliqua
901 1830 1081 1894 coniunctio
1106 1835 1175 1908 (oct
1196 1830 1245 1892 eet
1267 1831 1354 1910 eim.)

161 1935 212 2002 vel
232 1933 373 2000 formula
394 1940 451 2012 „ut
471 1933 634 1998 diximus'’
657 1933 785 1999 aliudve
804 1933 961 1999 indicium
974 1935 1114 2000 ostendit
1126 1939 1158 1998 et
1170 1933 1354 2019 exemplum

163 2049 195 2108 et
217 2043 435 2106 imitationem
455 2041 494 2104 ab
518 2061 555 2105 eo
579 2045 707 2125 recepta
731 2039 839 2104 fuisse.
864 2040 976 2126 Itaque
998 2043 1032 2104 in
1056 2040 1151 2119 locis,
1176 2041 1279 2126 666116
1303 2042 1355 2106 hic

162 2157 226 2225 661,
258 2168 322 2212 666
354 2167 478 2212 6666666
510 2151 557 2210 661
589 2149 730 2230 cogitare
763 2146 800 2211 de
828 2145 890 2212 alio
918 2148 1023 2226 fonte,
1047 2147 1132 2211 uude
1157 2146 1356 2233 Dompilator

162 2257 344 2342 genuinum
367 2252 551 2338 exemplum
576 2253 729 2317 hauserit.
754 2249 830 2316 Alia
853 2274 902 2317 666
927 2255 1029 2318 66116
1055 2253 1248 2338 quibusdam
1266 2253 1355 2329 locis,

162 2362 265 2430 661611
290 2360 388 2425 Andr.
412 2360 443 2424 Il
468 2361 498 2425 6.
513 2359 556 2424 26
569 2361 626 2442 (4),
653 2381 748 2445 quem
772 2380 868 2444 supra
892 2362 1047 2437 tractavi,
1072 2360 1126 2424 sed
1145 2360 1180 2424 hi
1199 2362 1262 2424 rari
1282 2364 1357 2424 6661

164 2477 195 2534 61
220 2490 238 2533 6
261 2488 315 2532 me
338 2466 574 2531 indicabuntur.

207 2687 274 2752 Ad.
299 2685 347 2751 III
369 2685 457 2750 210
481 2685 611 2750 Sostr.
637 2684 707 2750 Non
731 2684 882 2770 intelligo
906 2687 984 2750 66116
1009 2706 1089 2769 6666
1111 2684 1255 2769 16661166

209 2793 256 2873 (3)
271 2792 338 2856 ·Ad
370 2791 430 2856 hoc
460 2790 602 2856 Sostrata
632 2793 783 2875 ignorans
806 2791 981 2867 inducitur,
1006 2797 1043 2856 ut
1069 2791 1152 2856 malo
1176 2793 1289 2855 nuntio
1311 2811 1359 2855 66-

163 2902 257 2984 pente
277 2899 422 2972 feriatur,
444 2903 474 2961 61
495 2899 570 2981 6616
589 2899 731 2981 oportuit
749 2899 889 2982 priorem
908 2897 1016 2982 loqui,
1037 2918 1183 2983 praeseus
1203 2897 1360 2982 loquitur,

166 3008 240 3091 quia
272 3008 381 3069 autem
412 3024 474 3067 nou
506 3008 554 3067 661
582 3003 741 3087 perdenda
772 3011 839 3068 tam
868 3006 977 3068 666616
1001 3005 1135 3080 cloacae
1159 3002 1296 3068 dolentis
1321 3002 1360 3067 ad

165 3114 372 3186 irascentem,
404 3107 522 3173 ideirco
552 3129 614 3173 non
637 3108 728 3173 audit
751 3107 853 3185 Geta,
878 3130 1049 3175 conversus
1073 3130 1112 3174 ne
1137 3110 1175 3173 ob
1197 3108 1288 3173 illam
1313 3106 1360 3171 lo-

167 3218 222 3302 qui
245 3215 381 3279 desinat.

209 3319 263 3386 Sic
286 3319 325 3385 D.
352 3318 514 3404 eleganter
538 3323 570 3383 61
592 3319 694 3404 plene.
719 3320 919 3385 Otiosissima
943 3327 991 3385 est
1015 3319 1132 3405 duplex
1152 3322 1301 3405 repetitio
1322 3319 1361 3384 ad
1473 3321 1477 3328 ’

167 3407 227 3490 ll:
260 3424 375 3490 Adhuc
406 3446 469 3489 non
493 3425 642 3490 audiente
666 3424 748 3492 Geta
770 3427 933 3512 loquitur:
957 3427 1074 3492 idcirco
1096 3447 1153 3490 nee
1176 3426 1267 3490 audit
1290 3447 1361 3491 eam

167 3553 278 3598 666666
309 3553 367 3596 666
390 3531 519 3595 videtur
542 3532 580 3595 ab
605 3553 641 3596 eo
665 3531 818 3597 Sostrata.
912 3533 1000 3598 Haec
1030 3553 1115 3598 6666
1145 3536 1265 3618 speeies
1296 3541 1361 3611 661,

167 3659 281 3723 nempe
305 3643 344 3702 61
367 3637 480 3702 Editor
511 3636 550 3702 ad
582 3644 768 3722 sequentem
800 3660 830 3704 6.
862 3640 992 3703 brevius
1022 3643 1163 3724 repetat,
1188 3639 1271 3725 quod
1293 3642 1362 3725 ipse

168 3767 184 3810 e
208 3744 333 3820 Donato
357 3742 484 3807 rettulit
510 3743 549 3807 ad
573 3744 825 3828 praecedentem.

213 3848 261 3915 III
285 3849 316 3913 4.
331 3847 373 3912 26
397 3847 531 3912 Utinam
555 3848 608 3913 hic
632 3852 675 3912 sit
698 3849 792 3915 modo
817 3848 1005 3914 defunctum

215 3954 263 4035 (5)
297 3952 536 4029 „Defunctum”
568 3953 715 4032 finitum,
746 3955 779 4020 id
804 3960 869 4020 eet:
893 3961 930 4020 ut
953 3977 1015 4019 666
1038 3957 1147 4040 peiora
1169 3956 1362 4019 committat.

170 4059 217 4139 (6)
239 4057 482 4138 „Defunctum”
502 4059 650 4138 finitum,
670 4060 730 4125 hoc
750 4066 817 4124 est:
837 4083 877 4125 ne
896 4061 1034 4125 ulterius
1053 4065 1162 4145 peccet
1176 4061 1362 4125 Aeschinus.

169 4164 355 4231 Secundum
386 4164 549 4230 Donatum
583 4167 618 4229 in
648 4164 695 4245 (3)
729 4165 917 4244 ,,[1116666”Δ
938 4165 1123 4251 desperandi
1155 4169 1224 4231 6166
1257 4166 1364 4231 habet.

170 4269 273 4337 Verba
295 4272 399 4356 igitur
421 4272 467 4335 616
489 4273 626 4354 aceepit:
652 4267 768 4336 Vereor
792 4277 829 4336 ut
852 4272 905 4336 hic
925 4271 1112 4336 defunctum
1134 4271 1291 4352 (finitum)
1311 4273 1363 4336 sit.

170 4378 220 4443 Ab
243 4377 305 4442 hoc
327 4381 424 4442 6616
446 4379 604 4440 666166116
626 4377 821 4461 prohibitiva
844 4399 900 4462 per
925 4383 983 4453 „ut
1006 4375 1090 4441 nou''
1112 4376 1166 4443 661
1188 4376 1271 4453 ,,66”
1291 4397 1366 4460 pen·

170 4483 243 4548 dere
276 4504 340 4547 non
372 4489 486 4568 potest.
519 4481 631 4566 Itaque
655 4482 694 4548 D.
720 4483 866 4548 exhibuit
890 4489 1036 4547 tantum:
1063 4481 1253 4560 „finitum'';
1279 4481 1362 4545 unde
