3418 5392
368 381 412 446 24
888 401 1044 450 corneus.

368 569 407 628 ut
441 561 654 630 Wessneri
681 567 862 632 coniectura
884 566 1043 652 postulat,
1067 568 1177 634 sedin
1201 568 1228 634 B
1250 570 1359 655 ipsum
1382 567 1568 648 Donatum,

297 753 300 762 .
367 672 455 766 ind
477 679 674 758 excerptum.

419 776 497 842 Ibid.
525 775 625 843 lea:
650 777 757 844 Habet
781 781 945 844 miseriam
968 781 1070 846 etiosa
1089 782 1238 846 narratio.
1308 781 1334 845 B
1357 780 1405 861 (2)
1429 779 1565 846 Misera·

369 882 478 948 hiliter
500 888 532 948 et
554 883 711 949 invidiose
734 885 878 970 pesitum
904 885 1041 963 „senex”
1066 891 1140 952 cett.
1456 901 1457 904 ’

415 988 539 1053 lterum
562 988 643 1055 Don.
667 992 702 1054 in
726 990 763 1068 B,
788 997 975 1077 excerptum
998 994 1033 1057 in
1055 994 1094 1057 A.
1433 1011 1438 1022 “

414 1093 495 1158 Ibid.
521 1094 563 1160 25
577 1093 605 1160 A
620 1095 668 1176 (2)
694 1095 801 1176 „Male
824 1095 935 1182 loqui’'
960 1118 1017 1183 pro
1037 1096 1234 1164 maledicere.
1293 1097 1561 1184 B(2)pr0ma10

368 1199 489 1278 dicere;
515 1207 547 1266 et
570 1204 694 1286 quaerit
717 1203 851 1280 Probus,
876 1206 1044 1288 quisenta
1068 1203 1255 1270 Terentium
1278 1204 1406 1270 dixerit.
1471 1203 1560 1270 Idem

368 1305 482 1370 denuo.
1352 1359 1354 1363 ,

376 1399 392 1506 “’
416 1411 496 1477 ibid.
522 1412 576 1478 26.
601 1412 679 1479 Vide
703 1435 799 1500 supra
822 1438 853 1500 p.
880 1414 921 1482 17
946 1416 986 1481 ad
1009 1416 1093 1481 Eun.
1118 1416 1165 1482 111
1189 1416 1220 1482 2.
1236 1416 1288 1483 19.

412 1516 494 1582 ibid.
519 1517 562 1585 27
587 1517 634 1584 A:
666 1519 778 1606 Fingit
800 1518 851 1585 illi
874 1523 1010 1586 crimina
1033 1520 1071 1586 de
1094 1542 1188 1588 causa
1210 1527 1244 1588 et
1267 1522 1306 1588 de
1329 1524 1469 1608 negotio.

371 1623 415 1689 B:
439 1623 607 1710 Ingeniosa
630 1625 668 1690 de
690 1628 759 1710 ipse
784 1628 913 1712 negotio
936 1632 1012 1691 sunt
1034 1629 1165 1693 inventa
1188 1629 1342 1693 convicia.

413 1728 452 1793 In
482 1731 510 1794 A
537 1751 624 1816 mag.
649 1731 805 1797 rhetorice
828 1731 966 1797 reddidit
989 1731 1071 1798 Don.
1097 1734 1133 1812 B,
1157 1733 1254 1819 idque
1277 1754 1462 1819 perperam,
1487 1753 1560 1798 nam

369 1836 465 1900 verba
499 1857 579 1921 quae
610 1835 811 1922 explicantur
833 1839 1027 1916 („bonorum
1051 1845 1203 1916 extortor,
1228 1838 1341 1925 legum
1365 1837 1559 1918 contortor’f)

367 1961 430 2006 non
454 1946 531 2006 sunt
552 1941 627 2007 ficta
647 1945 781 2008 erimina
804 1943 859 2009 sed
882 1947 1025 2011 convicia
1047 1946 1210 2031 ingeniose
1232 1947 1373 2012 inventa.

415 2153 496 2220 11000
527 2155 715 2240 compendia
747 2154 800 2221 vel
830 2161 980 2242 excerpta
1009 2157 1026 2222 a
1056 2159 1222 2243 magistris
1247 2159 1380 2230 minoris
1404 2157 1560 2221 momenti

367 2266 451 2341 (raro
472 2262 511 2326 ab
534 2261 598 2342 IP)
629 2261 746 2327 leviter
776 2262 979 2348 breviterque
1003 2262 1136 2328 conficta
1159 2284 1178 2328 e
1199 2262 1318 2328 Donati
1341 2261 1471 2328 scholiis
1495 2261 1560 2327 lon-

366 2368 529 2452 gioribus,
561 2389 641 2454 quae
672 2370 763 2433 iuxta
795 2368 982 2454 compendia
1011 2370 1101 2434 nobis
1124 2371 1250 2454 integra
1274 2376 1399 2434 servata
1422 2369 1561 2433 sunth

335 2559 339 2566 Ι
368 2470 582 2558 Oempilatore
611 2476 738 2540 invecta
769 2475 921 2540 videntur
944 2496 983 2541 ex
1007 2477 1154 2561 margine
1178 2474 1253 2540 edit.
1277 2474 1485 2540 Terentianae
1509 2472 1563 2539 ali·

367 2581 474 2657 cuius,
498 2600 595 2665 quam
618 2582 710 2646 iuxta
734 2580 907 2647 editionem
930 2581 980 2647 lP
1004 2580 1196 2646 adhibuerit.
1319 2610 1322 2617 ·

411 2685 576 2770 Perpauca
595 2685 746 2751 adnotata
766 2693 855 2751 erant
874 2686 914 2752 ad
934 2686 1143 2765 Eunuchum,
1164 2684 1258 2772 plura
1273 2685 1312 2751 ad
1324 2686 1560 2751 Phormionem.

366 2789 494 2856 Similia
534 2797 644 2855 autem
683 2793 804 2876 passim
838 2794 1044 2876 reperiuntur
1077 2794 1111 2856 in
1146 2791 1343 2877 reliquarum
1377 2789 1561 2856 fabularum

252 2979 255 2986 Α
366 2895 507 2962 scholiis.

411 3000 541 3067 Scholia
565 3006 675 3066 autem
697 3002 737 3067 ad
760 3001 892 3068 Phorm.
917 3002 948 3068 ll
969 3003 988 3068 3
1013 3025 1053 3070 ex
1072 3004 1131 3070 hac
1150 3009 1239 3089 parte
1259 3001 1341 3068 nihil
1360 3003 1478 3068 habent
1498 3023 1558 3088 quc

365 3107 544 3193 discrepent
567 3128 586 3173 a
608 3107 730 3194 reliquo
754 3114 945 3174 commento.

410 3323 587 3407 Hucusque
621 3322 681 3388 hoc
714 3324 876 3409 imprimis
910 3326 963 3409 egi
998 3329 1036 3389 ut
1070 3323 1243 3389 refutarem
1274 3325 1488 3389 coniecturam
1519 3321 1556 3387 de

364 3430 489 3494 duobus
511 3431 687 3494 commenti
709 3417 947 3514 excerptoribus
971 3431 1139 3495 continuis.
1164 3428 1312 3494 Vidimus
1332 3450 1422 3494 veras
1442 3449 1557 3494 meras

364 3557 426 3620 que
445 3537 663 3619 repetitiones,
684 3541 847 3621 excerpta,
869 3535 1056 3620 compendia
1074 3537 1109 3599 in
1128 3540 1176 3600 tot
1195 3534 1391 3600 scholiorum
1411 3533 1555 3600 millibus

319 3713 321 3718 ,
363 3659 565 3724 nequaquam
594 3661 764 3706 numerosa
795 3661 861 3704 esse
891 3646 924 3706 et
947 3643 1124 3706 maximam
1147 3646 1272 3726 partam
1296 3639 1553 3726 magistellorum

364 3744 566 3832 quorundam
599 3765 728 3830 operam
753 3744 869 3811 referre
892 3744 998 3812 levem
1023 3752 1055 3811 et
1079 3745 1305 3824 desultoriam,
1330 3752 1457 3832 praeter
1479 3766 1558 3832 ques

364 3853 416 3916 hie
447 3849 517 3916 11110
547 3849 788 3936 interpolatoris
811 3853 957 3937 primarii
981 3873 1107 3939 queque
1129 3851 1324 3918 industriam
1347 3872 1440 3938 saepe
1464 3851 1557 3918 offen-

242 4006 246 4012 .
363 3951 481 4022 dimus.

409 4062 532 4127 Dehine
563 4064 681 4128 omissa
709 4061 766 4127 illa
796 4064 992 4142 coniectura,
1025 4065 1116 4128 cuius
1147 4069 1254 4128 tamen
1278 4062 1432 4128 refutatio
1454 4065 1489 4128 in
1512 4083 1557 4128 se·

363 4170 475 4256 quenti
506 4168 727 4235 dissertatione
757 4168 933 4236 identidem
964 4169 1050 4236 ultre
1081 4169 1300 4248 affirmabitur,
1324 4189 1433 4235 meam
1455 4171 1556 4255 ipsius

228 4312 235 4323 ,
362 4277 579 4346 coniecturam
600 4275 638 4341 de
658 4275 811 4361 peculiari
829 4275 886 4343 illo
906 4279 1081 4343 commenti
1099 4275 1230 4342 Editore
1243 4281 1276 4342 et
1286 4275 1518 4362 interpolatore
1533 4274 1557 4356 ¹)

397 4504 424 4568 l)
443 4502 525 4554 Unum
540 4503 738 4570 interpolatorem
755 4503 872 4585 insignem
888 4504 936 4554 iem
953 4503 1051 4569 agnovit
1067 4502 1241 4554 Sabbadini
1259 4505 1327 4555 stud.
1344 4504 1402 4556 Ital.
1420 4503 1448 4554 11
1465 4521 1490 4571 p.
1508 4505 1553 4557 182
