3418 5392
883 396 1037 445 nonnulle.

539 575 594 640 De
617 573 800 641 scholiis
823 576 919 662 plus
941 578 1132 643 minusve
1155 572 1386 642 similibus.

409 763 604 850 Loquuntur
625 763 727 850 vulgo
753 765 816 830 viri
841 764 926 830 docti
949 764 987 830 de
1008 766 1187 830 innumeris
1206 765 1380 831 commenti
1398 765 1561 849 repetitio-

361 871 456 936 nibus
482 872 545 948 111,
578 872 669 955 quasi
695 871 756 936 hoc
779 892 882 936 unum
905 870 1055 956 idemque
1080 873 1155 937 uitii
1177 891 1280 956 genus
1304 872 1348 935 sit
1370 891 1426 956 per
1448 875 1557 935 totum

363 997 444 1063 opus
467 977 727 1062 frequentissime
750 978 900 1055 obvium,
925 999 1000 1043 cum
1023 982 1148 1055 tamen,
1174 979 1202 1041 11
1224 998 1293 1042 rem
1317 983 1462 1042 accurate
1486 997 1559 1042 oon-

362 1084 497 1160 sideras,
522 1088 555 1148 et
574 1085 778 1168 repetitiones
798 1087 926 1170 proprie
947 1083 1008 1149 hoc
1030 1086 1159 1149 nomine
1183 1083 1344 1149 vocandae
1366 1085 1444 1148 satis
1467 1103 1558 1148 11111

361 1191 441 1266 sint,
474 1194 506 1254 et
537 1187 679 1274 reliquae
711 1188 939 1255 similitudines
970 1210 1078 1254 rerum
1108 1210 1144 1254 ac
1174 1190 1348 1256 verborum
1378 1195 1492 1254 natura
1524 1194 1558 1254 ot

361 1315 496 1360 numero
519 1297 603 1360 inter
626 1315 659 1360 ec
683 1316 886 1381 summopere
910 1295 1099 1380 discrepent.

408 1401 516 1487 Igitur
538 1401 765 1487 distinguenda
788 1407 863 1467 sunt

409 1507 438 1572 1.
472 1507 689 1593 Repetitiones
721 1510 832 1574 stricto
863 1529 958 1573 sensu
988 1509 1033 1572 sio
1064 1505 1229 1584 dicendae,
1262 1507 1323 1572 hoc
1346 1512 1411 1583 est,
1437 1504 1558 1571 scholia

363 1633 492 1698 prorsus
515 1619 572 1678 aut
594 1613 659 1679 fere
683 1612 813 1679 similia.
838 1613 968 1679 Horum
990 1633 1144 1678 numerus
1168 1612 1262 1678 valde
1286 1617 1334 1678 est
1357 1614 1506 1698 exiguus.

409 1718 439 1783 2.
476 1718 678 1785 Scholiorum
709 1718 853 1798 (Donati)
887 1718 1073 1806 longiorum
1107 1725 1254 1804 excerpta
1285 1716 1337 1784 vel
1372 1717 1559 1803 compendia

363 1825 483 1903 brevia,
515 1826 611 1891 modo
642 1827 719 1891 satis
750 1827 832 1891 bona
863 1825 957 1891 modo
989 1827 1105 1910 peiore.
1130 1824 1259 1889 Horum
1282 1844 1436 1888 numerus
1460 1821 1557 1909 paulo

363 1932 466 1996 maior
490 1916 558 1996 est.

410 2036 440 2100 3.
473 2035 600 2101 Scholia
630 2035 825 2120 interpolata
855 2036 982 2101 easdem
1012 2057 1062 2101 res
1086 2036 1257 2102 tractantis
1280 2040 1377 2121 atque
1400 2034 1555 2112 Donatus,

362 2140 417 2206 sed
448 2143 570 2205 ratione
594 2146 626 2205 et
650 2142 790 2206 oratione
814 2141 956 2219 diversa,
981 2148 1124 2207 attamen
1147 2143 1210 2218 111,
1234 2148 1273 2206 11
1295 2139 1557 2226 interpolatorem

363 2245 435 2311 Aeli
466 2246 683 2311 adnotationes
714 2249 890 2332 respexisse
918 2247 1086 2332 adpareat,
1117 2268 1195 2332 quas
1227 2247 1321 2312 modo
1352 2249 1419 2312 suis
1450 2247 1558 2312 verbis

362 2351 484 2430 reddit,
509 2352 604 2416 modo
627 2355 799 2438 impugnat
821 2359 878 2418 aut
908 2355 1043 2439 corrigit
1075 2359 1183 2438 aperte
1214 2352 1267 2419 rel
1297 2355 1394 2418 tacite
1422 2362 1454 2418 et
1484 2373 1558 2417 nou-

363 2478 540 2545 numquam
565 2461 628 2537 sic,
655 2465 690 2523 ut
713 2458 831 2524 Donati
853 2460 951 2526 verbo
973 2457 1066 2545 plura
1090 2461 1281 2544 paucioroue
1303 2464 1437 2544 repetat.

408 2565 480 2630 Hoc
510 2585 633 2650 genus,
662 2564 746 2650 quod
777 2586 796 2631 1
826 2565 1072 2650 repetitionibus
1104 2566 1201 2650 probe
1232 2564 1501 2650 distinguendum
1525 2571 1558 2630 et

363 2669 754 2756 interpolationum
777 2671 933 2737 vocabulo
957 2669 1190 2757 designandum
1215 2676 1279 2749 est,
1308 2669 1405 2756 longe
1429 2676 1478 2735 est
1500 2670 1559 2735 frc-

363 2778 622 2862 quentissimum.

408 2883 440 2948 4.
476 2884 505 2947 A
536 2885 698 2969 superiore
729 2881 787 2948 illo
810 2903 926 2969 genere
948 2881 1233 2968 interpolationum
1256 2881 1484 2948 secernendum
1509 2887 1558 2946 est

363 2988 467 3067 aliud,
502 2989 557 3054 ubi
588 2991 680 3054 iuxta
712 2988 824 3054 breves
854 2987 1048 3054 Donatianas
1080 2990 1268 3065 verborum,
1300 2990 1402 3053 111111
1427 3008 1554 3064 rerum,

362 3095 605 3180 explicationes,
629 3093 785 3180 leguntur
806 3093 979 3159 eorundem
1003 3094 1176 3159 verborum
1200 3091 1253 3159 vel
1275 3114 1383 3158 rerum
1402 3094 1555 3179 interpre-

360 3204 496 3267 tationes
520 3203 766 3288 magistrorum,
792 3202 848 3285 qui
871 3221 946 3265 cum
968 3198 1025 3266 illo
1047 3205 1079 3265 et
1100 3203 1185 3265 inter
1207 3220 1239 3265 se
1263 3202 1352 3265 varie
1375 3206 1506 3266 certant.

407 3307 477 3372 Hoc
500 3328 602 3393 genus
625 3327 688 3372 non
712 3308 809 3370 nimis
833 3288 980 3391 frequens
1006 3310 1064 3370 est.

407 3412 460 3478 Sic
498 3418 690 3479 evanescunt
729 3432 858 3497 prorsus
891 3413 1192 3489 ,numerosissimae
1223 3410 1461 3495 repetitionos'’,
1498 3433 1575 3477 nec.

362 3520 472 3584 minue
503 3517 566 3582 duo
595 3517 671 3595 1111,
703 3538 784 3602 quae
818 3519 878 3582 viri
911 3517 997 3582 docti
1028 3517 1090 3581 eibi
1121 3516 1282 3582 tinxerunt
1305 3520 1480 3582 commenti
1503 3539 1555 3583 ex-

361 3629 483 3708 cerpta,
508 3623 666 3708 dignitate
690 3628 722 3687 11
744 3624 867 3708 origine
891 3625 968 3687 11111
992 3625 1080 3708 paria
1103 3629 1134 3687 et
1158 3622 1283 3688 eosdem
1309 3623 1373 3688 fere
1397 3623 1554 3688 adnotati-

360 3750 453 3806 ones,
484 3735 521 3793 ut
551 3730 658 3802 aiunt,
691 3749 784 3812 saepe
814 3730 1019 3793 continentia.
1050 3728 1235 3794 Invenimus
1266 3736 1375 3794 contra
1406 3736 1444 3794 ut
1467 3729 1552 3794 diri:

361 3835 376 3900 I
406 3835 622 3920 Repetitiones
652 3854 727 3899 rere
758 3835 803 3898 cic
830 3833 1034 3919 appellandos
1065 3837 1142 3900 satis
1176 3854 1301 3920 paucas.
1340 3834 1372 3899 II
1394 3834 1554 3919 Excerpta

361 3941 470 4006 brevia
492 3963 532 4006 ex
555 3939 674 4004 Donati
696 3938 825 4004 scholiis
847 3937 1056 4026 longioribus.
1086 3940 1135 4005 III
1154 3939 1417 4025 Interpolationes
1435 3939 1556 4027 longio

360 4067 411 4110 res
442 4044 634 4131 plerumque
661 4051 695 4110 ot
718 4046 884 4130 graviores
913 4043 1101 4110 Donatianis
1123 4046 1439 4130 interpretationibus
1462 4047 1555 4110 iuxta

360 4153 490 4235 positas.
523 4150 566 4214 lv
588 4150 852 4236 Interpolationes
874 4150 1011 4218 leviores
1035 4158 1067 4217 et
1090 4152 1260 4217 breviores.

405 4256 477 4321 Nou
496 4255 603 4320 addidi
623 4259 774 4342 quintum
793 4277 896 4342 genus
916 4255 1203 4342 interpolationum
1217 4263 1249 4322 et
1262 4257 1553 4322 additamentorum

360 4359 510 4439 illorum,
543 4383 681 4447 quorum
712 4368 841 4428 centum
874 4361 1014 4448 amplius
1044 4365 1109 4426 iam
1140 4365 1267 4428 notavit
1291 4362 1554 4443 Wessnerus,

360 4489 435 4532 cum
458 4468 535 4532 hacc
558 4471 735 4534 maximam
758 4475 884 4554 partem
907 4471 1087 4555 pertineant
1110 4468 1149 4534 ad
1172 4490 1275 4555 genus
1300 4468 1346 4533 Ill
1370 4468 1422 4535 vel
1444 4467 1498 4535 IV.
