3418 5392
679 401 833 451 uounuos.
1312 385 1356 454 27

165 571 197 633 in
229 570 510 653 vituperationem
535 567 716 635 fabularum
741 568 849 634 Luscii
871 575 1073 655 comparatus
1096 575 1162 649 est,
1185 592 1243 637 nec
1266 572 1364 638 credi·

158 673 221 740 bile
244 680 293 739 est
318 681 377 739 aut
401 679 593 759 spectatores
615 677 781 760 ignorasse
805 683 968 741 auctorem
991 675 1162 755 Thesauri,
1184 683 1261 742 tunc
1281 683 1361 742 tem·

157 782 242 865 poris
274 782 345 845 sine
377 780 475 846 dubio
499 783 575 846 satis
598 780 767 858 celebrati,
791 787 904 867 utpote
929 786 985 869 qui
1007 784 1153 868 princeps
1175 790 1244 848 arat
1266 783 1356 849 facti-

158 889 226 952 onis
260 885 390 951 hostilis
425 885 590 963 Terentio,
628 892 687 952 aut
722 886 894 972 prologum
924 891 969 954 sic
1000 908 1057 974 per
1086 889 1237 974 ambages
1268 888 1357 954 illius

158 1014 277 1058 nomen
300 993 468 1058 indicasse.
499 992 611 1078 ltaque
636 1014 701 1057 non
726 996 880 1058 assentior
901 994 1056 1059 Fabiae
1079 996 1113 1059 in
1136 994 1185 1060 ed.
1210 995 1250 1060 ad
1273 996 1359 1062 huno

156 1122 188 1166 v.
222 1098 359 1164 dicenti:
393 1098 461 1175 „Le
492 1097 610 1164 vers9
643 1120 682 1164 ne
711 1102 852 1165 contient
876 1099 956 1165 donc
979 1120 1102 1166 aucune
1125 1103 1261 1188 critique
1285 1105 1360 1189 quoi

156 1204 254 1290 qu'en
280 1204 348 1268 dise
371 1203 509 1270 Donat.’'

204 1308 290 1376 (lum
314 1312 420 1394 igitur
442 1310 491 1390 (1)
510 1309 559 1390 (2)
578 1309 626 1389 (6)
651 1309 772 1375 Donati
793 1312 974 1395 opinionem
994 1314 1195 1391 contineant,
1216 1316 1362 1399 sequitur

158 1414 318 1480 scholium
343 1414 391 1495 (4)
415 1416 453 1480 ab
477 1414 540 1481 alio
564 1418 728 1482 invectam
752 1437 830 1494 esse,
856 1423 893 1480 ut
916 1419 1028 1501 opinor
1050 1407 1170 1495 ablP,
1191 1421 1359 1502 quisnam

154 1520 208 1586 vel
232 1523 348 1606 prioris
372 1523 476 1586 critici
496 1523 678 1606 opinionem
700 1520 864 1586 rettulerit
883 1543 940 1606 per
958 1521 1086 1587 solitam
1107 1523 1166 1586 sibi
1187 1523 1361 1588 formulam

156 1633 256 1691 ciram
270 1664 313 1675 -
327 1649 377 1691 aa.
400 1625 496 1692 Recte
517 1648 594 1712 ergo
615 1626 692 1692 Sab
704 1627 848 1692 badini
868 1628 929 1693 hoc
947 1627 1106 1693 scholium
1119 1631 1244 1694 cursive
1256 1629 1359 1707 dedit,

156 1735 209 1798 cui
245 1739 355 1796 tamen
390 1753 452 1796 uon
487 1733 624 1798 concedo
662 1735 760 1798 etiam
795 1733 893 1798 schol.
925 1733 973 1813 (5)
1005 1735 1266 1819 proscribendum
1291 1756 1358 1800 esse

157 1843 275 1903 totum.
310 1837 441 1922 Repetit
475 1837 712 1922 quodammodo
748 1838 891 1904 Donatus
927 1860 1007 1924 quae
1039 1839 1134 1904 aliter
1164 1840 1287 1906 dixerat
1317 1841 1357 1905 ad

157 1943 237 2009 And.
260 1942 309 2007 III
329 1942 360 2006 4.
377 1941 407 2006 3.
469 1944 672 2009 Postremam
696 1943 808 2009 scholii
832 1949 974 2029 partem:
1001 1965 1097 2022 „nam
1117 1947 1200 2010 nisi.
1216 1994 1223 2010 .
1239 1995 1245 2011 .
1260 1948 1358 2032 signi·

156 2049 316 2127 ficasset’',
342 2055 524 2134 suspectam
547 2071 614 2114 esse
639 2070 703 2114 non
727 2070 818 2136 nego.

200 2155 283 2220 Ibid.
312 2152 354 2221 17
379 2155 489 2219 Habeo
515 2154 578 2220 alia
601 2155 708 2220 multa
731 2176 811 2240 quae
831 2176 916 2220 uunc
935 2155 1099 2235 (Luscius)
1118 2155 1357 2222 condonabitur.

157 2262 255 2327 Don:
289 2259 344 2325 Sic
374 2263 408 2324 in
438 2261 569 2326 Phorm.
595 2261 637 2341 (V
662 2260 693 2325 8.
708 2260 765 2339 54)
798 2267 992 2345 „argentum
1017 2261 1102 2346 quod
1124 2263 1222 2328 habes
1247 2263 1359 2330 condo·

157 2387 273 2432 namus
306 2365 371 2431 te''.
429 2365 599 2450 Sequitur:
633 2387 730 2442 „nam
762 2366 867 2431 donc
898 2365 1039 2432 ablativo
1071 2371 1158 2432 casui
1182 2371 1359 2455 iungebant

156 2481 297 2550 veteres,
320 2471 505 2537 condono
524 2472 741 2537 accusativo'’.
788 2473 858 2537 Hoc
879 2471 994 2538 adiecit
1014 2473 1063 2537 IP
1084 2472 1177 2541 valde
1188 2476 1358 2561 impudens

155 2597 402 2662 nonnumquam
421 2579 455 2640 in
475 2576 633 2662 fingendis
652 2577 774 2662 regulis
791 2579 1014 2663 grammaticis
1026 2579 1160 2664 aliisque
1173 2580 1231 2645 hoc
1242 2602 1356 2665 genus.

155 2685 313 2750 Refutant
334 2704 408 2747 eum
429 2682 577 2768 exempla
596 2683 676 2748 Hac.
691 2683 756 2748 849
778 2683 910 2769 „Egone
929 2691 961 2748 te
982 2706 1038 2769 pro
1061 2685 1121 2750 hoc
1145 2689 1258 2751 nuntio
1280 2687 1357 2771 quid
1434 2732 1437 2737 -

157 2789 308 2866 donem'’,
341 2795 373 2854 et
396 2788 507 2854 Plauti
531 2790 649 2874 Amph.
674 2788 690 2852 Ι
714 2789 744 2854 3.
759 2789 802 2854 38
828 2795 993 2874 ..pateram
1019 2793 1156 2856 ...tibi
1180 2793 1355 2858 condono’'.

158 2896 235 2961 Vide
260 2895 361 2960 Fabia
384 2894 423 2959 ad
447 2894 478 2959 h.
491 2893 524 2972 l.,
549 2895 701 2960 Dniatzho
725 2896 765 2961 ad
789 2897 921 2961 Phorm.
946 2895 993 2960 l.l.
1229 2896 1260 2962 S.
1283 2919 1309 2963 c.

199 3001 283 3066 Ibid.
309 3000 365 3066 24.
388 2999 431 3065 Et
454 3000 537 3064 nihil
560 3001 684 3066 dedisse
709 3003 882 3068 verborum
905 3007 1013 3066 tamen

202 3107 287 3171 Don.
321 3104 370 3189 (2)
399 3105 505 3170 Dare
529 3107 658 3172 verba
683 3106 826 3192 decipere
849 3113 898 3172 est
921 3128 1014 3186 eum,
1039 3111 1095 3194 qui
1118 3130 1192 3174 cum
1215 3130 1284 3174 rem
1309 3130 1360 3174 ex·

157 3218 280 3298 spectet
304 3209 388 3274 nihil
410 3213 554 3275 inveniet
574 3218 701 3297 praeter
722 3213 833 3291 verba;
856 3225 888 3278 et
908 3212 985 3278 alibi
1006 3214 1126 3290 „verba
1143 3216 1242 3278 istaec
1261 3213 1359 3278 sunt'’

159 3319 321 3399 (Phorm.)
352 3324 384 3381 et
415 3317 454 3382 de
478 3319 636 3382 contrario
661 3317 808 3400 (Heaut.)
834 3339 927 3396 „rem
950 3340 1024 3383 cum
1049 3318 1173 3396 videas,
1198 3319 1357 3384 censeas’'.

158 3424 208 3488 IP
241 3425 383 3508 speciose
414 3422 469 3487 sed
499 3443 685 3509 perperam:
718 3422 766 3506 (3)
798 3426 849 3489 An
880 3423 990 3490 aliter:
1022 3424 1105 3489 nihil
1137 3424 1295 3490 addidisse
1320 3425 1358 3490 de

158 3529 232 3594 stilo
257 3549 317 3594 suo
343 3526 552 3593 Terentium?

201 3635 252 3700 Ex
285 3634 442 3698 ambobus
473 3642 582 3698 autem
609 3633 739 3700 scholiis
763 3633 847 3700 alius
872 3636 1029 3720 magister
1053 3635 1112 3701 hoc
1135 3639 1355 3702 concinnavit:

156 3742 204 3822 (1)
229 3746 287 3806 aut
310 3742 473 3805 neminem
496 3739 663 3818 fefellisse,
689 3747 745 3806 aut
768 3741 850 3805 nihil
874 3744 1059 3825 apposuisse
1083 3741 1121 3806 de
1145 3764 1212 3807 suo.

1028 3846 1061 3911 S.
1084 3852 1259 3930 utrumque
1283 3867 1308 3910 c.

202 3949 252 4018 Of.
286 3949 369 4015 Don.
400 3950 440 4015 ad
470 3950 514 4016 IV
538 3948 664 4031 5.1(3)
697 3951 792 4030 „data
823 3951 941 4017 verba''
974 3953 1062 4016 fraus
1093 3951 1184 4016 facta.
1217 3949 1356 4015 Andr.I

156 4056 187 4122 3.
201 4057 221 4122 6
236 4057 286 4138 (1)
312 4056 431 4134 „verba
454 4056 550 4122 dare’'
574 4056 701 4122 fallacia
725 4057 859 4123 scilicet.

201 4271 217 4336 I
243 4269 309 4336 1.1
334 4268 418 4349 Quid
440 4272 545 4355 igitur
567 4269 707 4336 faciam?

204 4377 254 4457 (2)
287 4383 404 4453 σχῆμα
436 4375 588 4448 διανοίας·
623 4375 836 4454 διαλογισμός.
870 4381 902 4440 et
934 4383 1065 4461 apparet
1096 4376 1201 4442 multa
1222 4379 1359 4442 tacitum

154 4486 316 4569 cogitasse
339 4471 572 4548 adulescentem
595 4487 627 4546 et
651 4483 781 4548 tandem
804 4485 838 4547 in
862 4482 937 4547 haee
962 4483 1058 4548 verba
1081 4485 1238 4567 erupisse.
