3450 5382
705 394 861 444 nonanus.
1317 379 1382 446 109

193 561 349 630 addidisse
382 559 509 639 „meo’',
539 581 578 624 ne
609 565 692 625 esset
724 559 918 640 ἀμφίβολον,
943 563 996 626 oui
1020 561 1137 626 diceret
1163 565 1265 640 „irato
1289 563 1381 629 deo’'.

191 669 331 734 Naevius
365 669 400 732 in
436 665 603 754 Stalagmo
636 673 680 745 „†
711 669 781 731 nisa
812 665 869 733 deo
900 689 972 734 meo
1003 671 1141 754 propitio
1171 691 1263 734 meus
1288 671 1383 736 homo

191 773 271 840 est'’.
341 773 391 854 (2)
423 773 534 851 „Deo”
567 773 734 838 domino
768 772 863 851 dicit,
896 794 935 838 an
955 791 1041 839 'vere
1076 773 1199 851 „deo'’f
1268 775 1317 856 (3)
1341 776 1384 840 Ilt

191 882 268 946 bene
294 879 408 959 „meo”
432 901 471 944 ne
495 884 578 944 esset
602 879 795 958 ἀμφίβολον.

236 986 332 1052 quta
355 985 536 1050 Donateum
560 985 610 1064 (1)
633 986 784 1050 audimus
807 985 908 1052 alium
931 989 1126 1073 magistrum
1146 986 1199 1052 vel
1218 987 1382 1053 llditorem

192 1094 225 1157 in
248 1091 307 1172 (2),
332 1097 364 1156 et
387 1096 574 1177 excerptum
598 1090 714 1157 Donati
738 1093 772 1155 in
796 1090 855 1173 (3).

237 1199 354 1264 Donati
377 1203 426 1262 est
450 1197 553 1262 denuo
576 1196 675 1262 schol.
700 1197 750 1278 (l)
774 1198 843 1282 [ut]
868 1201 913 1263 sie
934 1198 1016 1263 dixit
1037 1201 1192 1276 „memini
1211 1198 1386 1286 relinqui'',

192 1311 229 1370 ut
259 1306 293 1368 in
324 1303 444 1368 Andria
477 1305 632 1381 „memini
655 1303 785 1370 videre’'
811 1304 855 1383 (II
880 1303 981 1386 5.18)
1005 1312 1037 1369 et
1063 1308 1218 1382 „memini
1242 1328 1294 1371 me
1318 1307 1387 1372 fieri

191 1409 334 1496 pavnm”
358 1409 493 1474 Ennius.
562 1409 651 1474 Idem
676 1410 862 1495 exemplum
888 1410 967 1476 Don.
992 1410 1120 1476 rettulit
1143 1411 1183 1477 ad
1207 1412 1305 1478 Andr.
1327 1412 1386 1491 l.l.,

192 1524 224 1583 et
258 1517 298 1581 ad
332 1515 392 1580 Ad.
417 1515 432 1579 I
455 1515 486 1580 2.
501 1515 544 1581 26
569 1514 693 1581 eliade
720 1537 832 1582 eausa:
858 1520 906 1597 (2)
931 1517 1081 1596 „Fieret”
1105 1518 1258 1603 producta
1282 1521 1387 1604 prima

194 1621 328 1710 syllaba,
353 1622 477 1687 Ennius
503 1643 568 1700 „m
593 1645 637 1686 m.
662 1623 683 1688 f.
708 1622 762 1707 p.'’
779 1621 813 1702 ¹).

240 1727 358 1795 Contra
388 1729 548 1814 Asprum,
580 1731 635 1813 qui
667 1729 781 1806 „meo”
813 1750 939 1794 merum
973 1732 1188 1815 possessivum
1212 1743 1387 1816 pronomen

194 1857 260 1902 esse
296 1835 503 1900 existimabat
538 1839 575 1898 ut
609 1837 642 1898 in
673 1834 821 1920 exemplo
853 1834 1056 1921 Vergiliano,
1090 1835 1235 1901 Donatus
1266 1837 1387 1922 profert

194 1941 380 2028 exemplum
411 1941 545 2018 Naevii,
576 1941 632 2005 ubi
657 1941 772 2018 „meo”
797 1941 862 2006 fere
886 1943 928 2006 sit
952 1941 1077 2020 „mibi”
1102 1948 1135 2007 et
1159 1943 1244 2006 κατὰ
1269 1943 1387 2008 eosdem

194 2051 292 2113 etiam
327 2047 463 2132 pendeat
498 2067 516 2111 a
553 2039 745 2132 „propitio'',
781 2053 819 2112 ut
850 2048 935 2132 apud
966 2047 1154 2113 Terentium
1184 2049 1222 2113 ab
1249 2048 1386 2126 „irato''.

195 2154 406 2219 Manifestum
429 2159 494 2231 est,
519 2152 703 2238 exemplum
728 2152 930 2218 Naeuianum
954 2153 993 2218 ab
1016 2156 1086 2239 ipso
1109 2153 1244 2233 Donato,
1265 2177 1328 2220 non
1348 2156 1387 2221 ab

197 2261 313 2345 Aspre,
350 2258 391 2323 ad
426 2259 510 2322 hune
542 2256 650 2323 looum
682 2256 819 2324 allatum
850 2279 917 2323 esse
935 2259 973 2339 2).
1009 2257 1133 2324 Similis
1164 2261 1387 2345 interpretatio

196 2364 318 2451 legitur
340 2367 375 2428 in
399 2363 520 2430 sobolio
544 2364 623 2429 Dan.
648 2364 688 2429 ad
714 2365 790 2429 Aen.
816 2363 847 2428 II
872 2363 937 2429 396
964 2363 1081 2441 „Haud
1105 2367 1238 2430 numine
1257 2365 1387 2431 nostro''

197 2493 257 2536 non
279 2471 371 2537 nobis
393 2469 476 2535 utili.
508 2467 625 2536 Contra
645 2470 683 2534 ad
703 2470 766 2534 XII
786 2469 851 2534 538
876 2469 1036 2535 scholium
1060 2469 1202 2536 Danielis
1225 2476 1389 2557 comparat

196 2585 340 2644 nostrum
376 2575 519 2641 Terentii
549 2575 657 2641 locum
688 2583 720 2640 et
751 2577 830 2640 Aen.
861 2575 905 2640 IV
934 2575 999 2641 610
1036 2575 1124 2654 „Neo
1156 2576 1188 2658 di
1219 2579 1387 2644 morientis

197 2683 350 2761 Elissae'',
374 2682 508 2748 addens:
534 2681 665 2768 Singuli
688 2684 775 2746 enim
790 2683 873 2747 'deos
897 2684 1042 2768 proprios
1066 2683 1219 2748 babemus
1242 2685 1364 2770 genios.

241 2791 321 2856 Ibid.
346 2789 389 2855 26
425 2789 502 2855 Seni
525 2787 628 2853 fidelis
651 2788 731 2853 dnm
754 2809 827 2853 sum
852 2787 999 2873 soapulas
1022 2788 1147 2874 perdidi

241 2896 288 2978 (3)
312 2895 392 2962 Plus
415 2903 461 2962 est
487 2894 652 2981 „perdidi”
677 2915 774 2980 quam
800 2897 828 2960 si
851 2894 972 2967 ,deceret
997 2895 1139 2974 „dolui’'.
1221 2895 1388 2965 Sebolium

196 3005 292 3068 nimis
313 3001 432 3067 futtile.
841 3013 843 3022 ¹

240 3109 320 3174 Ibid.
346 3107 389 3173 38
401 3107 449 3188 (2)
474 3106 717 3186 „llxadversum
741 3109 771 3172 ei
794 3106 884 3174 looo''
908 3106 1032 3194 legitur
1055 3112 1087 3173 et
1113 3106 1255 3186 „illieo’',
1280 3113 1314 3172 et
1335 3127 1389 3172 an·-

230 3370 257 3434 1)
275 3369 397 3418 Donatum
415 3371 489 3416 semet
506 3367 584 3432 ipsum
602 3366 695 3431 saepius
713 3366 850 3430 repetivisse
866 3367 895 3414 sd
913 3365 1018 3430 singulas
1033 3365 1125 3415 fabulas
1139 3366 1186 3415 iarn
1201 3377 1272 3430 snpra
1288 3366 1390 3426 ostendi,

196 3469 249 3501 curn
267 3453 296 3501 de
314 3448 495 3515 repetitionibus
513 3465 615 3512 agerem.
659 3448 784 3510 Regulam,
802 3464 872 3512 qnam
893 3449 1074 3498 Wessnerns
1092 3449 1171 3513 posuit
1185 3452 1209 3497 et
1224 3450 1252 3496 ad
1269 3449 1311 3497 hos
1326 3449 1390 3498 luooe

196 3533 311 3598 applicuit
333 3535 407 3592 (Aem.
427 3534 483 3596 Asp.
502 3547 524 3596 p.
543 3531 600 3591 36):
627 3531 798 3592 ‚nuszngenen
816 3531 847 3579 ist
863 3546 909 3578 von
927 3531 980 3580 dem
998 3531 1140 3590 (Arundinis,
1158 3531 1218 3590 dass,
1235 3531 1390 3600 wewdieselbe

196 3616 333 3678 Erklirnng
355 3614 460 3663 zweirnel
484 3613 594 3677 vorliegt,
616 3612 743 3676 gleiehviel
767 3613 796 3662 ob
821 3613 859 3660 die
877 3613 949 3662 Ilorm
967 3613 1009 3662 der
1025 3613 1136 3662 Scholion
1154 3615 1262 3663 uirilieb
1281 3613 1391 3664 iiberein·

195 3697 288 3746 stimmt
310 3697 368 3746 oder
390 3695 465 3754 nieht,
483 3695 547 3744 diese
565 3694 702 3756 Erkltrung
720 3709 762 3743 aus
779 3695 833 3742 dem
851 3693 956 3742 aweimnl
974 3695 1135 3759 ex'rerpierten
1156 3695 1389 3746 Donatkomrnentar

195 3779 317 3836 etsmmt”,
342 3782 396 3845 post
413 3795 440 3826 ea
457 3794 517 3842 qnae
535 3778 561 3826 in
578 3777 724 3842 praefatione
742 3776 917 3841 disquisitionis
933 3778 1030 3842 exposui
1048 3777 1157 3827 refellere
1175 3780 1322 3844 supersedeo.
1384 3803 1387 3806 ·

228 3862 294 3912 Idem
320 3861 429 3926 loquitur
451 3861 480 3908 de
506 3862 706 3908 ‚sommentatore
729 3858 804 3923 ΕΝ,
830 3859 867 3908 oui
892 3862 987 3914 tantum
1011 3876 1059 3908 non
1078 3861 1157 3910 omnia
1175 3861 1265 3910 sobolis
1281 3876 1324 3925 per
1341 3877 1388 3924 epo,

194 3944 252 3993 miti
266 3945 358 3994 Μαίων
370 3942 423 3992 sim.
442 3943 568 3992 tribuenda
585 3941 633 3990 sint
652 3940 718 4000 (ibid.
736 3958 758 4006 p.
770 3941 809 3998 37.
821 3941 937 4005 essen),
956 3943 996 3990 sed
1015 3943 1059 3990 hoe
1079 3941 1131 3991 loeo
1149 3947 1184 3991 est
1203 3943 1253 4007 ipse
1274 3945 1389 4002 Donatus,

195 4032 222 4076 ut
252 4028 281 4075 ed
313 4025 388 4074 Andr.
412 4024 451 4072 III
470 4025 570 4086 2.1(4),
594 4023 655 4071 Enn.
681 4021 993 4084 1V422(2),7.1o(2);
1025 4022 1082 4072 alibi
1110 4028 1190 4073 autern
1219 4024 1389 4088 interpolator.

195 4109 259 4158 velut
289 4109 318 4157 ad
348 4107 422 4156 Andr.
446 4107 473 4155 II
497 4105 605 4168 Aue).
638 4103 737 4152 llun.V
759 4103 860 4170 l.‘l(2)‚
885 4105 993 4166 8.49(9)
1028 4106 1082 4153 „sed
1108 4105 1167 4154 rnibi
1199 4103 1317 4158 videtur''.
1352 4106 1389 4158 Cf.

197 4193 287 4240 Mnem.
306 4188 413 4239 XXXIII
430 4205 453 4254 p.
472 4188 529 4237 223.

229 4273 257 4337 2)
280 4272 358 4321 Aliter
382 4271 494 4319 Wessn.
520 4269 546 4317 in
573 4269 634 4332 App.
658 4268 687 4316 sd
710 4267 774 4317 b.l.:
804 4267 883 4316 ‚Fieri
901 4272 980 4317 entem
998 4269 1085 4333 potuit,
1105 4273 1131 4318 ut
1149 4269 1257 4319 Donatus
1274 4269 1300 4319 in
1319 4271 1389 4336 Aspri

196 4361 328 4404 commento
355 4352 503 4401 Naesisnnm
530 4349 665 4414 exemplnm
691 4349 810 4398 inveniret
838 4354 863 4399 et
886 4366 954 4400 sunm
974 4350 1000 4400 in
1018 4367 1086 4400 nsnrn
1105 4350 1279 4401 converteret''.
1300 4353 1390 4404 Verum

197 4436 247 4500 ipsa
263 4435 325 4485 ratio
342 4439 366 4483 et
381 4449 490 4498 expresse
509 4431 596 4481 Donati
615 4431 687 4481 verba
706 4431 782 4480 „Hos
800 4433 883 4498 Asper,
901 4432 942 4482 sed
959 4432 1036 4480 mibi
1054 4432 1166 4484 videtnr''
1182 4438 1262 4483 vetare
1277 4434 1388 4486 videntur

198 4517 322 4585 quominus
339 4516 372 4566 sie
389 4519 507 4582 putemus.
