3450 5382
706 317 861 366 0000000.
1033 285 1035 288 ’
1313 300 1378 367 117

229 481 349 548 113.ss
387 481 503 548 Adeste
527 503 644 567 quaeso

230 588 277 670 (2)
308 589 458 676 Proprie:
491 590 600 654 adesse
622 591 711 654 enim
734 609 846 654 causae
870 591 998 674 proprie
1023 589 1175 654 dicuntur
1197 593 1323 676 patroni
1345 595 1378 656 et

184 697 289 760 amici.
358 695 449 776 Ao)
471 695 602 780 Proprie
627 694 790 760 advocatis
815 694 906 759 dixit.

228 800 412 866 Secundum
444 822 496 866 me
525 801 683 866 habemus
707 799 869 865 Donatum
894 803 927 863 in
951 799 1010 880 (2),
1034 803 1185 887 magistri
1209 801 1377 867 cniusdam

184 912 369 993 excerptum
400 909 435 970 in
465 907 570 988 A(6);
606 905 781 971 secundum
817 904 934 970 Sabb.
966 905 1087 972 Rabb.
1122 905 1271 972 Wessn.
1307 908 1376 974 11110
1482 975 1485 978 ,

183 1012 301 1078 scholia
332 1015 501 1098 utriusque
526 1014 719 1097 excerptoris
742 1013 776 1075 in
799 1012 914 1096 primis
938 1032 1001 1079 ves.
1027 1014 1126 1076 etiam
1151 1013 1298 1092 confusa,
1323 1015 1376 1080 hio

134 1115 137 1118 ’
182 1116 314 1183 01100100
337 1122 531 1203 excerptum.

226 1222 306 1289 Ibid.
332 1222 351 1287 5
388 1225 451 1289 Pro
482 1223 580 1288 deum
611 1219 865 1288 immortalium!
889 1222 996 1309 Negat
1018 1222 1180 1288 Phanium
1204 1245 1271 1292 esse
1294 1226 1376 1291 hano

123 1315 128 1324 ¹
182 1330 243 1394 sibi
266 1336 436 1416 cognatam
459 1325 643 1414 Demipho?

226 1434 313 1515 Bo)
348 1435 471 1522 Magno
502 1437 631 1521 ingenio
663 1433 832 1499 Terentius
862 1435 1098 1520 impudentiam
1134 1434 1374 1503 calumniatoris

182 1543 353 1625 expressit,
378 1561 454 1606 nam
478 1547 510 1606 et
533 1542 621 1626 prior
644 1541 759 1625 incipit
782 1545 814 1604 et
837 1542 924 1624 prior
947 1546 1083 1605 accusat.
1105 1579 1148 1588 —
1169 1540 1216 1621 (3)
1237 1542 1280 1606 nt
1300 1546 1374 1628 quia

181 1669 243 1711 non
265 1653 371 1732 potest
395 1646 498 1711 dicere
523 1643 681 1731 „expellit
704 1645 763 1710 Ph.
789 1645 949 1731 Demipho
958 1643 993 1710 1”
1020 1654 1138 1732 „negat
1161 1646 1372 1732 cognataml”

182 1749 268 1816 dicit.

224 1855 367 1923 Iudicavi
396 1855 636 1942 interpolatoris
668 1855 924 1921 additamentum
955 1857 1210 1941 ineptissimum:
1246 1860 1374 1922 etiamsi

180 1961 332 2027 Phormio
363 1960 447 2027 illud
470 1961 573 2027 dicere
596 1966 745 2047 potuerat
769 1965 844 2041 (non
867 1963 975 2046 potuit
997 1967 1107 2026 autem
1132 1967 1204 2026 ante
1227 1964 1373 2029 minatio·

179 2089 252 2132 nem
276 2067 488 2153 Demiphonis
512 2088 559 2133 vs.
586 2066 653 2148 77),
684 2073 793 2132 tamen
814 2088 876 2132 non
900 2066 1050 2144 dixisset,
1075 2069 1151 2152 quia
1174 2069 1372 2154 cognationis

179 2175 306 2260 negatio
340 2173 400 2239 hoe
437 2172 505 2238 loco
540 2175 633 2238 unice
666 2172 947 2238 commemoranda
981 2178 1059 2237 erat.
1107 2172 1143 2236 In
1178 2171 1226 2254 (l)
1261 2180 1370 2239 autem

179 2300 313 2364 agnosco
338 2278 498 2343 scholium
528 2281 694 2365 integrum
727 2277 862 2355 Donati,
893 2280 926 2343 in
957 2299 1019 2363 quo
1050 2277 1134 2343 nihil
1165 2278 1369 2360 desideretur,

178 2407 239 2450 000
264 2384 397 2449 01100100
420 2385 561 2450 hominis
584 2390 781 2469 excerptum.

222 2493 251 2555 A
275 2497 366 2556 vacat
388 2490 428 2556 ad
451 2492 536 2556 hunc
559 2512 689 2556 versum
713 2496 746 2556 et
769 2490 808 2555 ad
842 2492 872 2573 o,
896 2487 925 2568 7,
951 2487 982 2568 9,
1009 2489 1061 2567 10,
1086 2511 1223 2574 quorum
1248 2490 1368 2557 scholia

177 2602 348 2682 supersunt
361 2601 488 2662 tanturn
499 2599 533 2661 in
545 2597 581 2676 Β,
602 2602 633 2662 01
646 2597 777 2682 quidem
789 2595 975 2681 plenissima
988 2595 1091 2660 denuo
1104 2599 1245 2681 satisque
1257 2596 1365 2683 longa.
1379 2654 1381 2658 .

220 2701 300 2768 Ibid.
327 2702 348 2767 8
382 2703 542 2788 Demipho
573 2703 613 2768 ad
643 2702 827 2767 advocatos:
858 2701 970 2787 ipsum
1000 2722 1067 2766 esse
1100 2704 1211 2786 opinor
1241 2702 1279 2767 de
1303 2723 1366 2787 quo

176 2809 321 2894 agebam.
346 2805 544 2894 Sequiminil
1320 2812 1322 2816 ’

219 2915 270 2993 „A
295 2913 518 2999 „Sequimini”
539 2914 638 2992 dixit,
659 2915 734 3000 qnia
752 2915 974 2999 properantius
994 2917 1026 2976 et
1046 2915 1250 2978 concitatiore
1262 2913 1367 2999 gradu

174 3022 280 3106 pergit
299 3022 412 3084 iratus.

217 3124 270 3190 Sic
301 3146 376 3191 vere
407 3124 568 3203 Donatus,
605 3146 680 3190 nam
710 3145 818 3189 senem
847 3124 1071 3211 indignantem
1103 3127 1136 3188 et
1158 3125 1278 3188 iratum
1304 3128 1365 3204 (vs.

176 3228 295 3316 lsqq.)
326 3233 382 3296 vix
412 3232 557 3316 passibus
588 3252 722 3316 aequare
753 3236 888 3316 possunt
918 3232 1023 3295 amici.
1055 3230 1186 3316 Pugnat
1218 3250 1293 3294 oum
1317 3230 1368 3294 his

174 3336 269 3403 schol.
300 3337 341 3404 B:
378 3337 519 3422 Apparet
550 3336 786 3421 Demiphonem
814 3343 851 3400 01
874 3341 999 3422 patrem
1021 3335 1164 3401 familiae
1188 3336 1370 3419 perturbari

173 3463 233 3506 non
257 3442 469 3522 mediocriter,
495 3442 612 3528 quippe
636 3444 692 3527 qui
715 3447 746 3506 01
770 3441 940 3506 advocatos
963 3443 1196 3526 conquisiverit
1217 3443 1369 3507 adversus

174 3548 337 3613 hominem
368 3551 436 3614 sine
468 3548 629 3614 advocatis
661 3553 811 3635 agentem
841 3553 873 3612 et
895 3547 1045 3634 progredi
1068 3570 1130 3613 non
1155 3547 1281 3626 audeat,
1306 3551 1369 3614 0101

173 3653 222 3718 1111
254 3659 452 3739 sequantur.'
529 3654 634 3719 Immo
667 3653 826 3738 Demipho
858 3675 915 3719 000
945 3675 1029 3718 0000
1060 3675 1162 3740 neque
1185 3656 1219 3719 in
1243 3654 1366 3741 reliqua

174 3780 284 3824 scaena
302 3759 508 3846 perturbatus
528 3765 576 3825 eet
589 3767 645 3824 aut
657 3759 728 3825 ideo
740 3759 910 3824 advocatos
922 3761 1126 3845 conquisivit,
1141 3782 1197 3825 nec
1209 3766 1300 3827 metu
1312 3785 1365 3828 eos

172 3867 284 3930 incitat
316 3869 352 3929 nt
375 3871 557 3951 sequantur,
582 3866 637 3930 sed
660 3867 767 3930 omnia
790 3864 1015 3930 festinabunda
1038 3869 1108 3952 agit
1130 3865 1362 3951 indignatione.

217 3970 383 4036 Habemus
408 3973 513 4056 igitur
534 3973 567 4036 10
588 3971 617 4035 A
636 3970 795 4036 scholium
817 3971 912 4037 breve
933 3971 988 4036 sed
1007 3970 1139 4056 plenum
1158 3973 1261 4055 ipsius
1280 3994 1364 4037 com-

172 4078 290 4154 menti,
313 4077 348 4140 10
371 4076 397 4140 Β
421 4079 612 4143 contrariam
636 4075 777 4142 Elditoris
801 4078 1095 4162 interpretationem
1119 4079 1197 4141 satis
1221 4076 1362 4164 longam.

214 4181 296 4246 Ibid.
323 4181 367 4245 10
400 4180 570 4268 ignoratur
592 4202 724 4268 parens,
750 4180 929 4269 negligitur
951 4185 1021 4267 ipsa

215 4287 309 4369 Β(2)
343 4287 555 4374 „ignoratur”
588 4311 650 4354 non
677 4290 873 4375 agnoscitur,
906 4325 948 4336 -
981 4288 1028 4370 (3)
1053 4289 1259 4370 „Ipcorctur”
1283 4293 1364 4377 qood

167 4395 305 4475 strepitur,
339 4431 382 4443 -
412 4396 466 4459 1100
495 4395 572 4459 enim
603 4393 758 4482 significat
780 4397 872 4460 modo.
943 4394 992 4475 (4)
1015 4395 1057 4458 Εἰ
1082 4395 1239 4479 „Parma”
1261 4402 1360 4482 pater,
