3450 5382
672 379 830 429 nonanus.
1290 359 1354 427 179

207 548 288 616 Ibid.
312 547 355 614 49
391 547 514 613 Fatuus
538 550 604 624 est,
628 544 788 624 insulsus,
813 544 924 611 tardus
1454 600 1463 617 ,

209 655 258 736 (8)
281 653 343 720 Sed
367 650 484 718 melius
508 657 557 718 est
579 652 624 717 sic
645 649 811 737 intellegi,
834 654 873 714 ut
895 655 971 716 6611.
1048 649 1097 731 (9)
1121 648 1183 715 Sed
1207 650 1289 715 mibi
1311 651 1358 714 vi·

163 760 258 826 detur
279 761 408 826 fatuum
432 759 554 836 dicere,
577 763 652 823 cett.
721 757 825 843 Supra
847 755 1010 835 vidimus,
1034 755 1158 822 scholio
1181 754 1229 837 (8)
1256 755 1357 821 Dona-

165 873 238 934 tum
268 867 408 932 refutare
439 867 625 931 criticorum
656 863 762 944 (Prob.
789 860 900 952 Aspl)
932 864 1116 950 opinionem
1140 860 1301 949 prolatam
1324 864 1359 926 in

166 975 225 1056 (7),
248 973 413 1039 Editorem
435 993 547 1037 rursus
571 970 734 1037 Donatum
757 971 951 1057 impugnare
974 973 1008 1036 in
1034 969 1092 1051 (9).

213 1188 425 1273 Repperimus

214 1294 355 1363 Probum
378 1292 394 1357 I
419 1290 482 1356 1.1
507 1291 704 1372 (dlellapcc'l).
729 1289 903 1357 Varronem
927 1290 1081 1357 11225.
1128 1325 1131 1330 <

213 1398 331 1484 Locos,
362 1399 419 1463 ubi
453 1397 574 1462 Probus
605 1397 707 1482 Asper
730 1396 889 1483 designati
913 1418 981 1464 esse
1004 1404 1154 1483 possunt:
1179 1398 1194 1462 I
1218 1396 1250 1464 2.
1264 1397 1306 1462 5*
1330 1401 1363 1462 et

169 1505 189 1570 6
214 1503 312 1571 6187
337 1502 554 1585 (Hellanicus).
578 1501 609 1568 Il
634 1503 712 1582 2.1,
737 1502 767 1567 3.
782 1503 835 1568 21.
871 1503 918 1569 III
942 1504 973 1569 2.
988 1504 1038 1569 bt
1072 1503 1115 1570 IV
1136 1504 1168 1568 2.
1183 1502 1213 1582 9,
1240 1503 1363 1581 3.11*,

169 1610 201 1678 4.
215 1610 258 1677 22
282 1609 510 1691 (6566166657).
535 1605 630 1687 4311,
657 1606 687 1675 7.
703 1607 777 1674 161.
802 1609 828 1674 V
854 1608 884 1676 8.
900 1606 954 1676 27.
968 1609 1021 1677 49.

214 1716 327 1782 Editor
349 1715 511 1782 Donatum
534 1714 691 1780 indicavit
714 1715 796 1793 (elil)
819 1714 863 1780 IV
887 1711 917 1780 7.
933 1714 964 1780 6.

215 1822 368 1908 Magistri
391 1823 491 1887 citent
515 1823 655 1906 qcccdcsm
678 1819 722 1884 IV
746 1819 776 1885 4.
792 1819 845 1886 41.
871 1820 897 1884 V
921 1821 952 1886 4.
969 1819 1021 1887 17.
1114 1825 1116 1830 ’

217 1929 313 1994 quta
336 1928 432 1994 Prob.
458 1929 550 2013 Aspr.
575 1927 632 1992 alii
656 1927 758 1993 fontes
780 1927 965 1993 indicantur
988 1927 1019 1992 Il
1043 1926 1073 1992 3.
1088 1926 1142 1993 21.
1166 1927 1213 1993 ΙΙΙ
1237 1926 1268 1994 2.
1284 1927 1314 1993 5.

218 2032 649 2103 incolumitatati
675 2030 774 2099 725.

669 2263 863 2351 adelphi.

219 2465 235 2531 I
261 2464 332 2554 1.1¹
362 2463 494 2541 Storax,
518 2485 580 2529 non
603 2462 699 2528 rediit
722 2463 781 2529 hac
803 2469 897 2529 56616
920 2485 938 2530 5
961 2485 1037 2530 cena
1061 2463 1238 2531 Aeschinus

219 2571 267 2651 (4)
298 2569 368 2635 Η66
398 2568 453 2634 5111
481 2571 727 2655 interrogative,
760 2568 815 2634 elii
838 2572 1079 2655 pronuntiative
1101 2571 1286 2657 proterunt,
1310 2572 1366 2638 sed

173 2678 280 2762 magis
302 2678 542 2762 pronuntiative
565 2675 747 2741 dicendum.

221 2780 403 2847 Verisimile
433 2787 481 2846 661
508 2782 652 2847 Probum
680 2783 821 2867 Asprum
849 2783 948 2847 etiam
971 2783 1029 2848 hac
1053 2783 1092 2848 de
1114 2804 1148 2849 re
1171 2789 1362 2852 sententiam

174 2887 299 2954 tulisse.
324 2886 571 2954 Pronuntiativa
594 2889 675 2953 ratio
698 2889 791 2952 55166
815 2908 890 2953 vera
913 2895 971 2954 est.

221 2993 238 3060 I
261 2992 326 3060 2.7
362 2993 462 3060 Modo
485 2994 563 3080 quid
586 2992 768 3081 designavit
924 3077 928 3084 ι

222 3101 271 3180 (1)
301 3100 532 3186 Designare
562 3106 609 3165 est
639 3121 707 3165 rem
738 3121 855 3166 novam
883 3099 1024 3180 1566561)
1047 3101 1082 3164 in
1106 3106 1277 3188 utramque
1300 3127 1369 3191 par·

176 3211 262 3283 tem,
295 3211 327 3271 et
357 3207 475 3272 bonam
497 3211 530 3271 et
552 3206 690 3284 melam;
714 3227 789 3271 nam
814 3211 846 3272 et
868 3205 1167 3292 designatores
1191 3207 1287 3288 dicti,
1312 3213 1368 3296 qni

174 3313 262 3378 ludis
293 3312 480 3378 funebribus
510 3318 680 3398 55566551,
712 3312 804 3378 credo
835 3313 875 3377 ob
905 3333 976 3377 eam
1008 3334 1155 3393 caueam,
1180 3316 1266 3399 quod
1289 3318 1368 3402 ipsis

175 3418 261 3484 ludis
292 3417 397 3484 multa
429 3419 507 3483 fiant
536 3440 619 3485 nova
651 3424 683 3483 et
713 3418 901 3504 spectanda,
933 3417 1033 3485 simul
1063 3423 1164 3485 etiam
1195 3428 1232 3487 ut
1257 3424 1369 3488 turbae

175 3527 383 3603 retineantur,
415 3545 496 3610 quae
529 3525 612 3589 fiunt
642 3531 700 3590 551
729 3528 763 3590 15
795 3525 985 3611 spectaculis
1016 3532 1073 3591 aut
1097 3529 1131 3590 in
1153 3525 1277 3594 litibus.

176 3631 225 3713 (2)
243 3632 328 3696 Puto
347 3651 408 3718 ego
428 3630 770 3717 designationem
790 3633 1039 3698 contractionem
1059 3637 1116 3697 551
1128 3632 1369 3700 conductionem

178 3736 290 3825 populi
319 3739 353 3802 in
377 3757 478 3803 unum
502 3735 644 3822 intelligi
669 3737 794 3802 -hoo
817 3739 904 3802 enim
928 3740 1089 3824 contingit
1112 3741 1159 3816 ei,
1183 3742 1240 3825 qui
1263 3739 1370 3826 aliquo

177 3843 301 3930 flagitio
332 3842 444 3930 populi
474 3845 508 3908 in
539 3865 572 3908 se
603 3840 710 3908 oculos
740 3849 772 3908 61
803 3864 858 3911 ora
881 3846 1039 3910 convertit
1062 3848 1095 3908 61
1119 3845 1299 3930 6566156516
1323 3851 1372 3912 661

178 3949 278 4036 vulgo
311 3987 365 4029 -,
402 3949 486 4036 quod
517 3949 813 4036 designatores
847 3949 934 4016 ludis
966 3935 1153 4016 funebribus
1188 3951 1373 4017 multitudi-

178 4077 253 4122 nem
282 4059 431 4122 retinent.
502 4054 550 4135 (3)
581 4055 676 4141 Apud
707 4059 830 4122 veteres
853 4057 914 4122 hoe
939 4057 1076 4124 verbum
1099 4055 1178 4121 duas
1203 4057 1252 4122 re's
1275 4060 1375 4144 signi-

178 4161 310 4228 ficabat:
335 4163 454 4227 etenim
479 4181 576 4246 prave
600 4165 632 4226 et
654 4164 740 4227 reete
762 4161 847 4229 facta
871 4163 1040 4251 designate
1062 4161 1259 4228 dicebantur.

212 4423 240 4487 1)
266 4420 372 4470 Terentii
398 4419 470 4469 verbe
494 4419 620 4469 vernaculo
638 4435 746 4470 aermone
764 4421 797 4470 aio
815 4421 881 4470 reddi
901 4423 1015 4484 possunt:
1037 4420 1109 4470 .wat
1126 4434 1184 4468 voor
1202 4419 1279 4469 nieuw
1297 4419 1376 4485 stubju

180 4503 245 4554 heelt
263 4503 294 4569 bb
313 4518 345 4550 uu
364 4503 441 4551 vveder
459 4501 599 4551 vertoond'’.
