3450 5382
370 374 414 440 98
891 392 1049 444 munros.

367 555 528 643 glorietur
557 562 590 621 et
619 555 757 622 blandiri
787 559 908 623 amicae
939 559 1077 635 nesciat,
1106 557 1319 624 insulsum
1351 560 1407 645 qui
1436 558 1572 625 nonsit

367 662 454 728 salax
477 668 510 729 11
532 662 667 748 cupidus
691 664 811 741 coitus,
835 663 1004 729 tardum
1028 666 1084 750 qui
1107 686 1171 730 non
1193 664 1288 730 facile
1311 665 1452 751 explicet
1475 687 1571 731 vene·

368 791 456 846 rem,
488 790 569 855 quae
599 790 649 835 res
678 770 900 836 meretricibus
930 771 1133 836 odiosissime
1156 775 1214 836 est.
1305 771 1379 858 (10)
1402 771 1487 837 Sunt
1509 773 1569 858 qni

366 876 530 941 fatuum
562 878 670 940 animo
700 881 832 961 putent,
865 875 1080 942 insulsum
1111 877 1206 942 dictis
1229 877 1284 957 (cf.
1310 880 1508 944 eontrarium
1531 880 1567 943 in

366 978 446 1061 (7)),
477 980 532 1046 sed
555 979 657 1058 male,
681 1001 757 1046 nam
780 980 908 1046 Fatni
931 982 965 1047 di
988 1002 1115 1068 quoqne
1138 987 1232 1060 sunt,
1257 985 1313 1068 qui
1337 987 1371 1049 et
1394 983 1499 1048 Fauni
1521 983 1568 1049 di-

365 1094 483 1152 cuntur
513 1087 568 1172 (cf.
599 1085 678 1167 (6)),
705 1093 744 1152 ’11
774 1109 838 1154 non
869 1087 980 1166 stulti,
1012 1089 1068 1154 sed
1098 1088 1245 1154 multum
1276 1091 1434 1168 fantes,
1458 1091 1569 1158 idest

364 1193 542 1278 loquentes.
633 1192 705 1273 (11)
736 1192 825 1260 Haeo
855 1215 936 1280 quae
966 1215 1052 1260 nunc
1082 1195 1173 1260 addit
1196 1217 1258 1261 non
1282 1217 1321 1260 ex
1345 1197 1566 1282 superioribus

364 1298 519 1385 pendent3
539 1297 594 1364 sed
613 1319 688 1364 cum
708 1301 872 1384 superiora
891 1306 953 1382 (vs.
968 1299 1025 1381 48)
1041 1300 1172 1367 valeant
1182 1300 1382 1387 plurimum,
1401 1323 1475 1368 nam
1489 1305 1566 1388 quia

365 1412 398 1470 et
428 1405 517 1470 dives
546 1410 578 1469 et
601 1403 758 1484 liberalis,
781 1407 889 1491 potuit
912 1407 1023 1472 obesse
1045 1406 1223 1486 riualibus,
1247 1409 1325 1472 haec
1348 1410 1458 1474 omnia
1483 1409 1567 1475 bona

364 1514 398 1577 in
428 1511 534 1577 milite
558 1515 818 1596 corrumpuntur,
843 1511 929 1597 qnod
954 1513 1119 1591 „fatuus”,
1143 1512 1230 1598 qno'd
1255 1513 1451 1591 „insulsus’',
1478 1513 1565 1600 quod

364 1623 467 1684 cetera
486 1637 567 1702 qnae
586 1620 655 1702 ipse
674 1620 886 1702 persequitur.
975 1617 1046 1698 (12)
1070 1617 1159 1684 Η111
1183 1620 1262 1684 bene
1286 1619 1459 1697 adduntur,
1486 1622 1564 1704 quia

365 1724 498 1811 (quod)
530 1722 614 1788 dixit
638 1729 692 1801 „et
714 1723 810 1789 habet
834 1723 918 1809 qnod
938 1723 993 1789 det
1012 1729 1045 1789 et
1064 1724 1119 1789 dat
1138 1745 1233 1790 nemo
1253 1724 1399 1811 largius’'
1422 1731 1486 1805 (vs.
1509 1724 1567 1806 48)

363 1831 403 1896 ad
434 1852 504 1897 eam
535 1851 604 1896 rem
635 1828 781 1908 valebat,
813 1835 851 1895 ut
879 1836 1042 1896 amaretur
1064 1830 1160 1897 miles
1182 1853 1201 1897 a
1224 1833 1393 1897 meretrice
1418 1838 1451 1896 et
1475 1852 1567 1916 prae·

364 1937 530 2023 ponendus
556 1942 640 2001 esset
662 1936 829 2001 omnibus:
854 1936 909 2002 sed
932 1939 1060 2024 ingrata
1084 1942 1160 2003 sunt
1182 1935 1385 2002 mulierculis
1408 1940 1566 2003 maxime·

367 2065 428 2130 que
450 2042 580 2108 lascivis
603 2043 810 2108 haecomnia
834 2064 914 2129 quae
938 2044 1085 2110 subiecit.
1179 2042 1250 2123 (13)
1273 2042 1343 2109 Hoc
1366 2065 1424 2128 pro
1449 2064 1564 2110 acervo

368 2151 524 2215 vitiorum
556 2169 630 2213 cum
661 2146 799 2233 quadam
831 2147 943 2214 vultus
972 2150 1180 2236 improbitate
1210 2148 1375 2235 prolatum
1405 2156 1475 2228 est,
1501 2170 1564 2234 quo

366 2259 473 2343 magis
497 2276 547 2320 res
570 2258 605 2320 in
627 2255 734 2320 medio
758 2257 862 2341 posita
885 2276 952 2321 esse
974 2256 1133 2322 videatur.

411 2363 448 2427 ln
479 2362 538 2426 hac
561 2363 721 2447 farragine
744 2363 900 2448 quaedem
924 2361 1103 2440 excellunt,
1128 2382 1209 2447 quse
1232 2383 1326 2427 nemo
1350 2362 1475 2448 peritus
1500 2383 1562 2426 non

366 2489 494 2534 mecum
529 2466 653 2532 Donato
685 2469 795 2533 statim
827 2469 985 2532 tribuerit.
1018 2469 1168 2532 Primum
1199 2467 1297 2532 schol.
1329 2465 1388 2547 (8),
1419 2467 1479 2530 ubi
1509 2468 1561 2531 1111

299 2659 301 2664 Δ
365 2596 475 2640 versus
509 2576 579 2638 iure
610 2576 760 2660 iungitur
790 2594 864 2638 cum
895 2575 1057 2658 sequenti:
1092 2593 1214 2658 „neque
1244 2575 1346 2637 istum
1362 2578 1500 2656 metuas
1523 2593 1561 2636 ne

365 2687 451 2747 amet
482 2679 622 2745 mulier'’
635 2679 673 2758 ²),
704 2684 737 2744 et
766 2678 1289 2765 111111111111111111111111111111.
1319 2677 1426 2743 Reicit
1449 2683 1560 2744 antem

364 2787 460 2854 aliam
490 2789 804 2872 interpretationem,
832 2807 903 2851 eam
927 2788 1101 2862 nimirum,
1126 2805 1206 2871 quae
1229 2786 1375 2870 proxime
1399 2783 1561 2869 praecedit

363 2890 412 2975 (7)
426 2891 462 2972 ³),
486 2893 543 2957 ubi
568 2892 720 2969 „tardus”
746 2889 926 2977 explicetur
950 2890 987 2956 de
1013 2912 1163 2976 „corpore
1187 2897 1219 2956 et
1242 2889 1429 2968 membris'’,
1454 2910 1564 2975 qnam·

338 3077 341 3082 ⁴
363 3021 461 3085 quam
481 3000 526 3064 ibi
545 2998 729 3064 conceditur
747 3000 845 3063 etiam
866 3001 1015 3084 usurpari
1034 2998 1072 3064 de
1087 2997 1264 3064 intellectu.
1284 2996 1372 3082 Ergo
1386 2995 1469 3062 Don.
1482 2997 1562 3061 hanc

364 3104 603 3193 praeferendam
626 3125 693 3170 esse
717 3104 813 3169 dicit:
835 3103 918 3180 „Sed
940 3103 1058 3168 melius
1083 3105 1152 3169 est''
1174 3109 1249 3168 cett.
1297 3102 1388 3168 Haeo
1407 3102 1561 3168 correctio

363 3214 501 3298 pertinet
533 3212 637 3297 igitur
672 3209 896 3275 tantummodo
933 3209 973 3274 ad
1003 3211 1303 3294 interpretationem
1334 3229 1367 3274 v.
1396 3206 1560 3285 „tardus’'.

364 3317 478 3383 Editor
499 3319 534 3380 in
559 3315 606 3396 (9)
626 3337 683 3400 pro
708 3337 795 3381 more
816 3319 990 3401 impugnat
1013 3315 1098 3402 qnod
1117 3313 1174 3379 ille
1195 3313 1453 3380 commendavit:
1480 3311 1561 3391 „Sed

364 3423 446 3488 mihi
475 3420 637 3499 uidetur’'‚
669 3428 755 3501 cett,
787 3424 919 3508 agitque
951 3443 1014 3486 non
1043 3427 1172 3486 tantum
1195 3420 1234 3486 de
1257 3441 1288 3486 v.
1315 3418 1482 3497 „tardus”,
1507 3416 1561 3483 sed

266 3565 268 3572 ,
364 3530 463 3594 etiam
494 3527 533 3591 de
562 3529 685 3592 ceteris.
717 3527 863 3593 Produnt
886 3528 1051 3593 hominem
1075 3527 1230 3613 spurcitia
1253 3531 1283 3591 11
1308 3527 1449 3610 ineptiae
1474 3530 1562 3609 (qno-

364 3633 462 3699 modo
493 3635 579 3698 enim
612 3633 705 3698 miles
730 3655 813 3712 „non
833 3631 921 3700 salax
944 3639 977 3698 et
1001 3634 1135 3720 cupidus
1158 3630 1281 3698 coitus”
1307 3630 1368 3696 dici
1392 3633 1512 3717 poterit
1521 3628 1557 3711 1),

364 3739 482 3826 quibus
505 3737 683 3803 delectatur
695 3736 731 3820 4).

411 3843 555 3911 Secundo
574 3843 647 3938 ‘loco
671 3844 795 3912 Donato
816 3845 1052 3933 adsignandum
1071 3849 1119 3910 est
1139 3844 1345 3909 sanissimum
1366 3841 1465 3908 111111.
1489 3841 1559 3922 (11)

401 4105 429 4170 1)
447 4104 486 4154 Ve.
505 4107 552 4156 482
579 4103 702 4170 Principio
719 4107 744 4153 et
762 4103 832 4153 hebet
850 4104 914 4168 qnod
932 4104 972 4152 det
988 4107 1013 4153 11
1031 4104 1072 4152 dut
1090 4119 1159 4153 nemo
1177 4102 1277 4167 largius.

399 4187 427 4251 2)
448 4187 511 4236 Hine
529 4187 656 4246 1111111111,
674 4186 759 4237 melius
777 4201 848 4250 qnam
866 4185 974 4244 Fabia,
992 4189 1046 4250 poet
1065 4186 1146 4234 „dies”
1163 4185 1210 4233 dno
1229 4186 1317 4248 puncta
1335 4182 1424 4248 poenit.

399 4271 427 4332 8)
451 4267 487 4317 (11.
512 4284 583 4334 supra
601 4286 624 4334 p.
643 4271 682 4318 31.
702 4267 749 4318 Η11
764 4285 858 4333 qnoque
877 4265 1394 4332 [111111(7)1111111111111111111[11111
1413 4266 1558 4314 111111111111

365 4351 447 4412 refert,
466 4351 506 4399 sed
523 4351 578 4400 dein
595 4351 620 4400 in
637 4351 736 4400 dubium
752 4354 823 4400 vocat
839 4351 889 4416 ipse
906 4352 953 4412 (8).

398 4435 427 4498 4)
447 4432 504 4482 Vide
521 4432 546 4482 in
564 4434 609 4482 1111
625 4449 711 4497 genere
728 4449 788 4498 quae
804 4433 876 4483 citavi
896 4434 987 4484 Muem.
1004 4433 1097 4483 XXXII
1114 4449 1136 4498 p.
1153 4431 1202 4480 222
1218 4430 1230 4479 1
1246 4431 1269 4481 1.
1280 4430 1320 4490 63,
1335 4445 1359 4494 p.
1375 4431 1423 4480 231
1441 4427 1559 4486 111211,

364 4532 389 4582 p.
406 4517 456 4566 234
473 4515 499 4564 II
521 4517 539 4565 1.
551 4517 590 4575 24,
608 4515 662 4564 1111,
