3418 5392
668 349 828 398 ncuarue.
1307 331 1349 396 55

157 515 324 601 coeperit’',
358 519 528 601 tamquam
559 516 660 596 dicat,
692 519 760 582 iam
793 517 935 581 occisum
962 521 1086 601 patrem
1112 519 1349 592 tuumscimua

156 623 277 707 iamque
302 621 507 688 deflevimus.
576 622 664 688 Haec
687 624 796 708 primo
819 625 949 706 aspectu
972 642 1067 687 nemo
1091 624 1163 707 quia
1188 621 1280 687 facile
1304 625 1349 687 in-

154 727 328 806 tellexerit,
364 750 483 814 nempe
517 728 687 814 explicatio
724 729 788 793 huc
822 727 923 793 redit:
959 727 1036 792 novi
1068 747 1191 794 amores
1215 727 1348 794 alterius

154 832 207 898 filii
229 831 391 901 Chaereae
415 834 559 900 occident
582 840 723 919 patrem,
749 835 842 898 cuiue
864 833 961 899 sunna
988 832 1141 898 Parmeno
1162 838 1229 898 iarn
1252 855 1347 912 nunc,

153 959 222 1004 cnm
253 938 343 1004 filins
373 938 518 1025 puellam
546 943 689 1026 primum
714 938 849 1015 viderit,
873 940 965 1022 qnasi
986 938 1164 1023 perfectum
1189 941 1347 1025 proponit.

152 1043 235 1110 Haec
279 1047 441 1110 enarratio
482 1044 578 1131 longa
620 1046 758 1130 repetita
797 1045 854 1109 vix
893 1042 1028 1129 quadrat
1062 1064 1137 1108 cnm
1172 1064 1225 1123 en,
1262 1045 1347 1130 qnod

151 1149 306 1215 Parmeno
332 1153 367 1216 in
387 1170 474 1236 aeqq.
494 1149 584 1215 illam
605 1153 704 1236 patria
729 1150 918 1215 occisionem
940 1150 1009 1234 ipae
1031 1155 1182 1234 provocat
1205 1157 1236 1216 et
1260 1171 1348 1236 prae·

150 1262 256 1340 parat,
289 1276 392 1342 neqne
424 1260 534 1321 autem
557 1276 632 1321 cum
654 1257 742 1322 vocis
766 1256 1029 1339 interpretatione
1053 1255 1345 1334 manifestum,

34 1371 36 1380 ’
150 1382 227 1446 quae
260 1361 309 1426 nil
341 1382 512 1427 commune
542 1361 636 1426 habet
665 1382 741 1426 cnm
773 1360 883 1425 funera
914 1365 947 1425 et
979 1360 1081 1428 obitu.
1150 1361 1221 1428 Hoc
1243 1365 1347 1448 igitur

149 1465 272 1532 redolet
293 1469 432 1531 nimiam
456 1469 665 1552 sagacitatem
688 1465 846 1542 Editoria,
871 1466 926 1551 qni
949 1467 1070 1552 satagit
1089 1468 1180 1531 novis
1200 1472 1232 1532 et
1250 1465 1346 1553 longe

148 1574 320 1639 arcessitis.
353 1572 439 1636 Hinc
471 1571 573 1636 eidem
604 1569 754 1647 tort-neae,
787 1570 847 1634 hac
876 1569 1087 1655 explicatione
1109 1572 1253 1637 nondum
1276 1593 1347 1638 con·

148 1681 254 1755 tento,
287 1677 487 1764 adsignanda
518 1685 567 1742 eet
597 1679 695 1742 etiam
727 1674 792 1755 (3):
827 1675 894 1739 Αιιι
917 1675 1060 1754 „conch”
1085 1679 1191 1742 eatis
1214 1677 1347 1763 deplo-

147 1790 287 1850 ratum
318 1785 512 1869 natisque
541 1783 827 1849 vociferatum
859 1786 925 1858 eat,
951 1783 1046 1845 utin
1069 1781 1275 1848 conclamatis
1299 1783 1346 1849 fn·

148 1890 278 1954 neribus
303 1887 396 1954 nulla
418 1891 484 1953 iam
508 1887 620 1953 dilatio
644 1893 692 1952 eat
716 1885 834 1952 doloris
857 1907 892 1952 ao
916 1887 1040 1964 luctus,
1065 1894 1103 1952 nt
1126 1887 1276 1954 Lucanus
1300 1892 1346 1955 ait

147 2016 303 2081 „corpora
326 1994 470 2060 nondum
495 1992 691 2060 conclamata
712 1991 850 2058 iacent”.
897 1992 1041 2088 Haacet
1060 1992 1249 2071 falsarunt,
1269 2015 1345 2060 nam

145 2104 272 2179 eatis,
297 2099 384 2185 qnod
407 2099 594 2178 intruditur,
619 2100 797 2183 corrumpit
820 2097 993 2164 dictionem
1017 2118 1080 2184 qua
1102 2101 1209 2165 utitur
1230 2100 1344 2167 Teren-

146 2209 229 2285 tina,
263 2210 298 2272 et
326 2207 466 2292 peaeime
498 2206 680 2281 enuntiata,
713 2225 775 2269 nou
808 2205 894 2269 enirn
925 2204 1074 2270 funera
1104 2205 1344 2271 conclamantur

145 2311 201 2377 aad
225 2313 385 2376 mortui
409 2312 481 2395 ipsi.

190 2416 299 2503 Igitur
332 2416 495 2482 Donateae
527 2417 785 2502 interpretationi
819 2415 935 2480 Editor
968 2415 1048 2482 dnae
1079 2419 1229 2502 apposnit
1260 2438 1279 2483 a
1309 2440 1343 2488 ae

146 2524 306 2589 inventas.
1013 2519 1046 2587 S.
1070 2529 1246 2608 utrumque
1269 2545 1295 2589 c.

192 2628 273 2694 Ibid.
300 2627 344 2694 58
375 2628 490 2693 Nostin
513 2648 594 2713 quae
615 2625 765 2693 aiteric
789 2628 889 2706 mihi,
913 2624 1069 2693 vidistin?

191 2735 253 2800 Pa.
278 2731 371 2812 Vidi,
395 2735 472 2799 novi
480 2755 489 2812 ;
515 2735 580 2799 ecio
603 2754 666 2819 qno
689 2732 826 2799 abducta
850 2736 902 2799 eit.

191 2837 258 2907 Oh.
282 2838 381 2918 ahos
399 2839 553 2904 Parmeno
577 2841 640 2917 mi,
664 2841 771 2903 nostin
795 2845 827 2904 et
851 2841 913 2904 acie
938 2839 994 2903 ubi
1018 2836 1100 2905 siatl

190 2945 253 3010 Pa.
278 2943 353 3010 Huc
378 2943 543 3010 deductaat
565 2944 604 3010 ad
628 2946 832 3010 meretricem
855 2944 1029 3011 Thaidem:
1050 2947 1080 3010 ei
1100 2945 1181 3012 dono
1202 2946 1317 3014 datast.

191 3050 241 3116 Ad
272 3049 315 3116 59
330 3049 378 3130 (1)
412 3049 492 3115 Plua
523 3049 606 3115 dixit
637 3069 734 3135 quam
761 3052 1030 3136 interrogabatur,
1055 3087 1098 3099 —
1123 3051 1215 3118 credo
1238 3053 1341 3119 taedio

144 3158 392 3243 interrogantis3
418 3175 492 3221 nam
516 3163 682 3241 properat,
706 3161 743 3220 ut
768 3155 913 3221 dicturus
936 3161 985 3220 eat
1008 3163 1069 3237 (va.
1093 3156 1160 3237 72),
1184 3158 1224 3223 ad
1244 3158 1341 3223 dedn-

145 3262 282 3327 cendum
313 3262 500 3326 ennuchum
524 3261 564 3325 ad
586 3260 743 3326 Thaidem
766 3282 841 3326 curn
864 3259 981 3326 ancilla
1004 3282 1042 3326 ex
1067 3262 1247 3348 Aethiopia.

190 3368 240 3433 Ad
264 3367 327 3433 61:
358 3367 401 3432 ht
427 3366 487 3432 hoc
510 3366 642 3432 effundit
665 3365 765 3433 semel
788 3370 1029 3455 acervatimque
1052 3367 1130 3433 dicit
1152 3367 1244 3434 velut
1268 3369 1340 3436 odio

143 3475 372 3561 interrogantis
402 3474 528 3558 saepius
551 3477 583 3538 et
606 3472 812 3539 festinatione
835 3471 875 3538 ad
898 3472 1049 3538 mandata
1071 3474 1247 3540 Phaedriae
1262 3497 1339 3561 per-

147 3580 460 3752 ag(hurlllitamentum
491 3684 531 3750 ad
563 3684 667 3765 59(1)
698 3706 886 3770 expressum
910 3691 959 3752 eat
982 3685 1022 3751 ab
1045 3684 1277 3771 Interpolatore
1300 3688 1340 3753 ad

146 3791 332 3878 exemplum
356 3789 501 3855 eiusdem
523 3792 682 3855 enuntiati
708 3789 879 3856 Donatiani
902 3789 942 3857 ad
966 3791 1019 3856 61.

819 3896 851 3962 S.
877 3918 1043 3983 perperam
1068 3901 1243 3982 atrumque
1267 3919 1293 3963 c.

189 4001 271 4067 Ibid.
306 4001 349 4066 64
372 3999 422 4081 (2)
467 3999 679 4086 „Comparet”
715 4022 771 4087 pro
808 4001 937 4080 „emat”
974 4007 1031 4069 ant
1068 4003 1341 4086 „comparandum

146 4107 271 4192 putet''.
309 4105 480 4172 Vitiosum.
1211 4106 1243 4173 S.
1268 4130 1295 4174 c.

189 4212 271 4279 Ibid.
298 4210 340 4278 67
372 4212 479 4278 Homo
503 4214 667 4299 quatietur
689 4218 773 4278 certe
797 4234 873 4279 cnm
897 4211 977 4280 dono
1001 4214 1084 4279 foras

190 4318 290 4385 Don.:
328 4317 377 4398 (l)
407 4318 491 4382 Mire
525 4339 620 4396 „cum
652 4318 754 4383 don0”
791 4324 959 4402 tamquam
989 4315 1039 4382 illi
1070 4316 1216 4403 repulsae
1247 4339 1342 4384 cauea

147 4423 265 4490 donum
289 4424 438 4489 futurum
460 4426 513 4489 ait.
591 4423 765 4490 Subiunxit
788 4424 854 4490 IP:
880 4423 928 4505 (2)
951 4423 1037 4489 Tum
1061 4424 1175 4490 deinde
1194 4446 1257 4491 non
1279 4428 1342 4504 „ei-
