3450 5382
716 375 874 424 nonanus.
1329 361 1393 426 135

246 540 290 608 IV
314 539 374 607 5.]
413 541 548 623 Quietus
571 545 638 607 esto

247 647 425 729 „Quietus”
456 647 489 713 id
520 653 568 713 est
594 667 743 713 securus:
768 648 806 713 ab
830 669 866 714 eo
890 649 974 735 quod
997 649 1158 736 praecedit
1180 650 1214 715 id
1239 650 1323 736 quod
1349 672 1394 716 se·

203 757 322 840 quitur.
348 753 397 822 Of.
422 774 518 840 supra
541 753 580 819 ad
603 753 686 819 Eun.
711 752 755 819 IV
781 752 811 820 6.
826 753 879 821 24.

242 969 270 1034 V
293 967 359 1036 2.3
394 969 444 1035 lta
465 969 590 1055 fugias,
614 989 654 1033 ne
677 971 803 1054 praeter
827 988 951 1046 casam,
974 974 1012 1033 ut
1036 971 1127 1034 aiunt

241 1075 322 1141 Don.
354 1075 403 1157 (1)
433 1075 482 1140 Ita
509 1075 632 1161 fugito,
657 1095 697 1138 ne
721 1076 957 1159 praetermittas
981 1095 1087 1140 oasam
1111 1081 1200 1140 tuem
1211 1123 1220 1154 ,
1246 1079 1393 1161 quaesit

196 1182 257 1247 tibi
285 1183 488 1246 tutissimum
516 1178 766 1266 receptaculum.
838 1179 925 1246 Huic
948 1180 1206 1266 simplicissimae
1229 1183 1392 1267 proverbii

195 1289 388 1354 enarrationi
417 1286 629 1372 Interpolator
660 1285 739 1351 duas
771 1288 940 1371 supposuit
969 1288 1094 1372 ineptes
1126 1286 1200 1353 has:
1242 1287 1290 1369 (2)
1322 1289 1389 1353 Aut

194 1395 240 1459 ita
269 1393 393 1480 fugias,
425 1413 464 1458 ne
493 1396 672 1477 praetereas
704 1411 810 1457 casem
836 1396 945 1470 tuam,
970 1393 1026 1456 ubi
1050 1392 1205 1458 custodiri
1228 1396 1334 1480 megia
1357 1401 1390 1460 et

194 1499 348 1585 prehendi
372 1500 423 1564 fur
446 1504 478 1564 et
501 1497 639 1564 mulcari
661 1497 845 1563 verberibus
865 1504 980 1583 potest.
1005 1497 1053 1580 (3)
1076 1500 1144 1564 Aut
1163 1501 1298 1565 verbum
1323 1506 1391 1566 erat

193 1608 295 1691 ipsius
318 1604 460 1671 custodis
482 1605 588 1669 furem
611 1605 806 1690 exagitantis
829 1610 862 1668 et
884 1606 1006 1670 interea
1024 1605 1237 1690 prohibentis,
1258 1628 1297 1672 ne
1317 1611 1390 1673 ante

192 1732 299 1778 casam
322 1715 478 1789 transeat,
503 1731 542 1775 ne
564 1711 598 1775 in
621 1709 850 1796 praetereundo
875 1712 975 1776 etiam
997 1710 1071 1776 inde
1095 1711 1217 1797 aliquid
1240 1714 1354 1797 rapiat.

238 1817 513 1904 Eugnaphius
536 1838 600 1882 non
619 1819 730 1881 minus
749 1816 913 1882 mirabile:
935 1815 1078 1903 „Fugiee
1096 1838 1158 1883 non
1178 1822 1251 1883 ante
1270 1839 1387 1897 casam,

192 1923 247 1990 sed
275 1926 308 1990 in
332 1943 456 2002 oasam;
481 1924 567 1988 enim
590 1921 730 1988 stultum
754 1927 819 2001 est,
844 1944 918 1988 eum
943 1921 1105 1988 auxilium
1128 1924 1244 1988 habere
1267 1927 1386 2008 possis,

192 2036 265 2096 ante
296 2027 387 2095 illam
418 2028 549 2115 fugere,
580 2050 644 2094 non
674 2030 708 2092 in
739 2027 851 2112 illam;
882 2030 994 2113 utique
1019 2031 1105 2094 enim
1130 2027 1289 2094 auxilium
1313 2035 1387 2096 tuae

193 2135 308 2201 domus
338 2135 432 2200 debes
463 2139 588 2221 petere,
620 2156 684 2200 non
716 2133 894 2200 alienum'’.
928 2132 1012 2201 (lum
1043 2134 1094 2200 his
1119 2155 1268 2221 compare
1292 2136 1387 2201 Pom·

191 2243 301 2327 peium
333 2238 388 2321 (G.
409 2239 446 2306 Ιν.
471 2239 498 2305 V
522 2238 619 2321 3ll):
652 2238 768 2306 Nescio
791 2242 847 2326 qui
870 2246 949 2325 puta
973 2241 1025 2305 fur
1048 2243 1156 2326 rapuit
1178 2243 1284 2306 neseio
1308 2241 1386 2326 quid

190 2354 222 2413 et
251 2348 339 2434 fugit
369 2352 442 2412 ante
473 2345 606 2412 domum
636 2348 705 2411 eius
736 2348 788 2411 eui
819 2351 985 2431 rapuerat,
1017 2352 1052 2412 tu
1084 2347 1162 2412 dieis
1193 2345 1276 2412 illud
1300 2347 1385 2432 quod

188 2453 331 2540 legimus
352 2455 387 2517 in
411 2451 559 2518 Terentio
582 2455 650 2530 „ita
675 2452 698 2516 f.
723 2475 755 2517 n.
780 2474 812 2538 p.
836 2453 897 2518 o.'’.

236 2557 424 2645 Georges
448 2558 558 2640 (Otto
589 2560 627 2624 A.
659 2558 681 2623 f.
706 2557 743 2623 L.
756 2557 793 2623 L.
819 2557 846 2622 V
870 2557 904 2639 9)
928 2579 1003 2624 eum
1027 2558 1150 2625 Donato
1175 2558 1308 2637 „Fliehe
1331 2581 1384 2638 so,

188 2665 260 2731 dass
283 2666 326 2731 du
348 2666 438 2731 nieht
462 2686 501 2731 an
525 2665 580 2730 der
602 2664 782 2751 bergenden
808 2664 911 2730 Hiitte
936 2666 1047 2731 vorbei
1070 2673 1197 2746 rennst,
1222 2666 1252 2731 d.
1265 2669 1287 2732 i.
1312 2667 1384 2733 dass

188 2772 231 2838 du
255 2773 345 2838 nieht
369 2793 427 2838 vor
445 2771 533 2837 Eifer
552 2794 591 2837 zu
610 2771 818 2837 entkommen
839 2771 913 2836 dem
932 2771 1146 2858 eigentlichen
1165 2771 1384 2859 Zielpunlrt(l)

188 2878 295 2944 deiner
326 2876 443 2942 Flueht
473 2877 660 2943 verfehlst'’.
692 2875 879 2943 Sloman:
913 2877 971 2954 „ln
1004 2880 1146 2966 running
1169 2899 1270 2965 away,
1295 2878 1384 2944 don’t

185 3005 258 3070 pass
291 2984 346 3049 the
381 2985 480 3049 house
517 2985 593 3063 (ie.
625 3004 709 3069 your
740 2982 934 3062 master’s)’',
966 2981 1019 3049 vel
1052 2983 1162 3062 „don't
1193 3005 1266 3069 pass
1298 3006 1383 3070 your

186 3091 338 3177 shanty''.
362 3089 566 3156 Daiatzlro
586 3091 642 3156 vix
661 3095 763 3156 recte:
787 3089 885 3169 „Wer
903 3092 992 3156 einer
1010 3088 1132 3156 Gefahr
1151 3090 1252 3156 durch
1264 3090 1382 3156 Flueht

185 3199 254 3264 sich
278 3220 317 3262 nu
340 3198 506 3263 enteiehen
530 3197 642 3276 sucht,
668 3196 730 3263 soll
748 3198 904 3275 nusehen,
931 3196 1002 3262 dass
1021 3218 1056 3262 er
1076 3197 1165 3262 nicht
1184 3196 1276 3262 debei
1294 3199 1381 3263 seins

184 3304 381 3390 Beheusuug
412 3303 472 3368 den
497 3306 656 3390 etwaigen
680 3302 868 3391 Verfolgem
892 3302 1061 3369 iiberlasee.
1098 3302 1162 3369 Das
1186 3303 1382 3391 Sprichwort
1484 3394 1486 3398 ι

184 3412 227 3475 ist
258 3409 424 3476 vielleioht
455 3411 560 3476 einem
592 3411 806 3476 verbreiteten
828 3408 1052 3494 Kiuderspiele
1076 3409 1253 3476 entlehnt’'.
1290 3409 1382 3477 Hauc

184 3519 484 3603 interpretationem
512 3516 662 3602 probavit
694 3515 809 3596 Otto,
843 3516 927 3603 quod
957 3519 1067 3597 miror,
1099 3539 1175 3582 cum
1204 3519 1281 3583 scite
1304 3520 1382 3584 citet

187 3620 348 3689 Graecum
370 3623 594 3708 proverbium:
619 3620 689 3687 οἷκον
716 3625 879 3700 γενοίμην·
905 3623 954 3686 ἐπὶ
980 3630 1037 3687 τῶν
1062 3624 1213 3705 ἐκφυγεῖν
1235 3626 1276 3688 τὰ
1297 3624 1380 3689 δεινὰ

187 3728 376 3810 rigaginem
406 3733 550 3794 ceterum
574 3749 635 3793 non
660 3749 678 3794 a
701 3728 819 3814 puerili
841 3728 918 3794 ludo
942 3728 997 3794 sed
1020 3751 1038 3794 e
1060 3751 1094 3796 re
1117 3728 1253 3795 militari
1276 3734 1381 3812 (caea

184 3838 206 3900 i.
220 3857 247 3901 e.
280 3840 396 3915 eastra)
428 3835 638 3920 desumptum
661 3857 729 3902 esse
753 3841 856 3922 putat.
881 3835 971 3901 Idem
996 3840 1104 3902 tamen
1128 3838 1244 3902 merito
1267 3838 1381 3922 probat

185 3941 303 4008 Donati
324 3943 622 4027 interpretationem
645 3941 685 4006 ad
708 3963 756 4008 vs.
782 3942 819 4006 l:
846 3941 1019 4021 „Queritur
1042 3941 1080 4007 de
1104 3962 1137 4007 se
1161 3963 1273 4020 senex,
1296 3941 1380 4027 quod

184 4047 263 4112 dum
285 4049 373 4112 avari
395 4047 566 4112 infamiam
589 4046 693 4134 fugit,
718 4047 811 4113 stulti
834 4048 1113 4133 reprehensionem
1136 4047 1333 4112 incidisset''.

228 4154 394 4220 Nimirum
424 4154 634 4240 proverbium
664 4175 717 4220 eos
749 4157 868 4240 carpit,
900 4156 974 4239 qui,
1007 4152 1084 4218 dum
1109 4152 1253 4240 Scyllam
1278 4155 1379 4218 vitare

183 4259 377 4326 contendunt
408 4261 612 4326 festinatione
644 4267 676 4326 et
707 4263 825 4326 mentis
857 4262 1018 4325 anxietate
1042 4279 1078 4324 ae
1101 4265 1232 4344 stupore
1255 4260 1380 4344 abrepti

183 4368 218 4433 in
241 4363 440 4454 Charybdim
462 4368 642 4434 incurrunt.
