3418 5392
528 1090 791 1166 conspicios
815 1090 1023 1164 croscum

1310 1500 1339 1540 Pa
1355 1529 1360 1540 .

178 1563 374 1622 Inrnouucrio
415 1606 422 1620 .
469 1606 478 1633 ·.
523 1605 1278 1622 ...............
1340 1511 1372 1620 g1

178 1666 191 1738 §
209 1669 225 1721 1
251 1665 443 1738 Repetitiones

249 1788 275 1823 c.
293 1768 359 1825 locis
378 1767 491 1824 diversis
523 1808 1280 1826 ...............
1340 1773 1373 1825 11

251 1872 273 1926 b.
296 1869 397 1926 scholia
416 1869 514 1926 similia
533 1869 567 1923 ad
586 1867 694 1924 eosdem
712 1887 804 1924 versus
846 1913 1280 1927 .........
1340 1873 1375 1926 11

179 1972 226 2044 62
251 1971 385 2044 Excerpha
404 1975 432 2027 et
451 1970 610 2044 compendia
627 1969 656 2024 in
675 1969 783 2025 scholiis
803 1969 928 2026 Eunuchi
946 1975 974 2026 eh
992 1971 1172 2028 Phormiouis.
1221 2017 1227 2028 .
1274 2014 1281 2028 .
1342 1975 1375 2028 21

177 2074 224 2146 §3
249 2072 355 2129 Scholia
373 2072 440 2129 varii
458 2073 564 2146 generis
583 2072 616 2127 ab
635 2071 747 2128 Edihore
765 2072 795 2127 in
815 2071 940 2128 Eunuchi
959 2077 1141 2129 commentum
1158 2073 1234 2130 illata
1275 2118 1280 2129 .
1342 2075 1375 2128 26

251 2173 357 2230 Scholia
375 2173 443 2229 varii
460 2173 567 2247 generis
585 2173 619 2228 ab
635 2172 747 2228 Editore
763 2172 793 2227 in
809 2173 982 2229 Phormionis
998 2178 1179 2230 commentum
1194 2173 1281 2230 illata.
1327 2175 1376 2229 162

180 2275 347 2348 Conspectus
374 2275 617 2348 interpolationum
644 2273 765 2330 Editoris
793 2274 826 2330 ad
854 2275 1017 2331 Eunuchum
1045 2280 1072 2332 et
1095 2276 1287 2332 Phormionem

217 2381 323 2449 praeter
341 2377 450 2433 Phorm.
470 2377 502 2434 II
522 2380 538 2432 3
580 2418 1283 2434 ..............
1325 2380 1376 2433 139

182 2478 351 2550 Conspectus
369 2477 612 2552 interpolationum
630 2477 664 2532 ad
682 2478 791 2532 Phorm.
811 2477 843 2534 II
863 2479 878 2532 3
903 2519 1282 2535 ........
1326 2483 1377 2535 143

181 2579 224 2634 De
244 2579 364 2635 Editoris
383 2598 463 2652 opera
480 2579 515 2635 ad
533 2580 645 2635 Phorm.
664 2579 696 2634 Il
716 2581 731 2632 3
743 2621 1282 2637 ...........
1325 2584 1377 2636 145

180 2679 289 2736 Scholia
307 2681 442 2737 variorum
460 2681 495 2736 ad
513 2681 676 2736 Eunuchum
696 2685 723 2736 el
743 2680 933 2736 Phormionem
956 2722 1283 2737 .......
1326 2683 1378 2736 116

182 2781 379 2854 Magistrorum
397 2782 581 2839 additamenta
598 2781 627 2837 iu
646 2786 798 2838 commento
817 2781 1015 2837 Eunuchi...
1063 2825 1069 2837 .
1117 2824 1123 2836 .
1170 2826 1176 2837 .
1223 2827 1229 2838 .
1277 2827 1282 2838 .
1326 2785 1377 2838 153

181 2883 379 2954 Magistrorum
396 2883 579 2940 additamenta
598 2883 628 2938 in
647 2887 799 2939 commento
818 2883 991 2939 Phormionis
1012 2927 1284 2939 ......
1327 2886 1379 2938 156

181 2984 229 3039 De'
243 2983 357 3040 formula
375 2990 426 3053 „ut
443 2984 581 3042 diximus'’
583 3026 1283 3042 ..............
1326 2989 1378 3042 153

181 3085 289 3142 Scholia
308 3087 338 3141 in
356 3087 455 3160 quibus
473 3087 562 3145 fontes
580 3086 738 3143 indicantur
744 3127 1284 3144 ...........
1327 3091 1378 3143 165

255 3187 288 3243 ad
306 3188 442 3244 Andriam
474 3227 491 3245 .1
528 3229 1283 3246 ...............
1327 3192 1377 3247 167

265 3290 470 3347 chnuchum
477 3331 803 3347 .......
821 3305 856 3344 “.
905 3331 911 3344 .
1065 3335 1070 3345 .
1117 3319 1124 3346 “.
1171 3334 1177 3345 .
1224 3337 1229 3348 .
1277 3334 1284 3348 .
1326 3296 1378 3349 175

267 3414 282 3448 u
307 3393 448 3466 Adelphos
477 3433 1283 3451 ................
1326 3399 1379 3451 179

266 3516 281 3552 u
307 3495 442 3569 Hecyram
474 3538 1283 3553 ................
1327 3500 1378 3554 188

266 3619 281 3654 u
305 3599 498 3654 Phormionem
529 3640 1284 3656 ...............
1326 3603 1378 3656 186

182 3698 331 3754 Conclusio
369 3741 1284 3758 ..................
1328 3703 1378 3756 188

182 3800 274 3856 Index
294 3801 414 3858 locorum
421 3845 1285 3859 .................
1328 3806 1379 3860 189
