3418 5392
361 369 406 436 32
883 385 1037 433 coranus.
1092 465 1094 472 .

362 556 419 632 (ee.
450 553 485 614 in
517 546 536 615 7
570 543 669 635 „quid
692 548 745 614 hic
768 546 915 614 atabael''
943 569 990 634 eq.
1015 554 1048 613 et
1071 547 1092 613 8
1117 549 1215 634 „quid
1238 548 1389 632 taeeoP’).
1429 550 1474 631 (4)
1497 552 1561 618 Sed

361 656 441 721 bene
463 652 636 740 intelligit,
660 657 716 739 qui
738 655 798 720 hoc
822 676 841 720 a
864 657 1029 720 meretrice
1051 655 1176 720 ridente
1198 655 1340 722 molliter
1357 663 1392 722 et
1410 657 1557 723 oeculum

362 763 547 846 porrigente
569 760 632 825 diei
656 763 770 846 accipit
794 759 874 840 (ecil.
899 761 1040 838 Probae,
1066 763 1168 847 Asper
1190 761 1315 828 aliusve
1339 768 1474 844 auctor).

363 868 468 932 Ambo
492 887 595 930 unum
619 864 737 931 Donati
760 865 918 931 acholium
941 866 1100 945 efficiunt,
1125 868 1184 933 hoc
1207 889 1319 934 eeneu:
1344 869 1403 934 diet
1426 870 1559 955 quidem

363 970 579 1037 dissimulatio
603 972 721 1049 durior,
746 971 799 1038 ead
824 975 996 1058 mitigatur
1019 972 1128 1038 occulo
1152 979 1185 1038 et
1208 972 1325 1051 vultu,
1350 980 1388 1040 nt
1411 975 1492 1041 bene
1515 978 1562 1040 in-

362 1078 502 1165 telligit,
527 1080 583 1162 qui
607 1083 682 1143 cett.
1121 1078 1154 1145 S.
1181 1079 1229 1162 (4)
1252 1101 1278 1146 c.
1304 1101 1472 1167 perperam
1489 1080 1513 1162 ¹)

406 1183 488 1249 Ibid.
515 1183 557 1248 18
581 1181 682 1251 Oredc
706 1187 743 1249 ut
764 1184 802 1248 fit
825 1173 941 1249 misera
964 1204 1038 1269 prae
1061 1205 1170 1250 amore
1190 1185 1328 1250 exclusti
1348 1186 1434 1251 hnnc
1451 1187 1535 1252 forae

407 1289 488 1357 Don.
513 1290 561 1371 (1)
585 1288 668 1357 (lum
692 1289 751 1355 illa
774 1311 791 1355 a
816 1290 1012 1356 derivatione
1032 1311 1144 1356 causae
1164 1297 1456 1378 argumentaretur,
1477 1294 1558 1356 mire

279 1414 281 1418 ’
362 1416 382 1461 a
403 1397 603 1461 Parmenone
625 1401 769 1481 correpta
793 1401 859 1474 eet,
883 1395 1061 1462 verisimile
1084 1418 1148 1461 non
1171 1417 1259 1475 aeae,
1287 1403 1341 1475 ut,
1365 1417 1462 1482 quem
1488 1398 1560 1483 quie

361 1507 466 1579 amat,
495 1501 633 1566 eundem
660 1503 761 1587 poeeit
789 1500 957 1567 excludere
971 1499 1007 1582 ²).
1067 1499 1180 1567 Differt
1206 1503 1245 1568 ab
1272 1502 1331 1567 hae
1360 1504 1559 1568 enarratione

361 1606 480 1684 altera,
512 1607 615 1672 forma
646 1609 744 1672 etiam
774 1606 957 1692 inelegans,
982 1610 1015 1672 in
1040 1607 1105 1688 (3);
1132 1609 1217 1688 παρὰ
1243 1608 1421 1687 aporiaretur
1442 1607 1556 1673 intulit

360 1715 488 1777 intuere
518 1711 659 1797 puellam
688 1719 720 1777 et
743 1716 773 1778 ei
796 1713 964 1778 ostendens
987 1713 1177 1779 Phaedriam
1202 1712 1371 1795 („hune”),
1394 1723 1433 1779 ut
1456 1719 1558 1780 oeten-

363 1818 434 1897 dat,
458 1839 555 1903 qnam
580 1818 658 1884 falec
681 1824 713 1883 et
737 1821 951 1904 repugnantia
974 1817 1127 1904 loquatur
1149 1822 1314 1886 meretrix.
1362 1819 1433 1885 Hoc
1455 1822 1558 1906 igitur

361 1922 412 1988 IP
434 1927 468 2002 in
493 1925 569 1990 edit.
594 1924 720 1989 Donato
744 1927 902 2010 opposuit.
1426 1924 1459 1990 S.
1484 1947 1511 1992 c.

407 2031 487 2095 Ibid.
513 2029 557 2095 22
570 2030 620 2111 (1)
643 2031 760 2095 Aetate
783 2051 895 2095 eervne
918 2033 1044 2116 reponit
1067 2029 1182 2096 rPhaidi
1205 2033 1328 2110 vicem,
1349 2052 1422 2097 nam
1443 2031 1501 2096 illa
1521 2037 1557 2096 ut

362 2157 520 2222 magnum
551 2135 658 2202 voluit
693 2139 870 2221 exspectari
900 2136 985 2222 quod
1016 2137 1141 2203 dictura
1170 2143 1236 2216 eet,
1271 2140 1333 2203 iete
1368 2143 1407 2203 nt
1439 2137 1557 2203 falenm

363 2245 550 2307 contemnit.
1426 2243 1458 2309 S.
1484 2265 1510 2309 o.

408 2347 460 2413 Sic
480 2348 530 2412 IP
549 2346 708 2413 acholium
727 2348 846 2414 Donati
864 2351 984 2434 partim
1001 2351 1148 2435 corrigit,
1169 2352 1288 2434 partim
1302 2351 1458 2434 sequitur.
1495 2348 1557 2414 Hic

363 2457 450 2521 enim
470 2454 513 2520 23
527 2455 591 2533 (l):
617 2454 702 2519 Mire
719 2457 824 2520 vicem
845 2454 1002 2519 Parmeno
1021 2453 1177 2532 reddidit,
1197 2475 1271 2520 nam
1294 2461 1331 2520 ut
1350 2475 1481 2520 servum
1499 2455 1557 2518 dif-

362 2559 445 2626 ficile
465 2567 514 2625 eet
533 2565 636 2626 iacere
656 2562 843 2638 commissa,
862 2561 910 2625 ita
929 2562 1132 2625 meretricem
1152 2581 1260 2625 rarum
1281 2565 1330 2626 eet
1348 2581 1424 2627 vera
1443 2559 1556 2626 dicere.
1677 2539 1678 2584 l

353 2749 356 2754 Ι
408 2666 522 2730 Editor
544 2685 637 2750 saepe
660 2663 772 2730 infelix
795 2671 844 2730 eet
866 2668 901 2730 in
923 2667 1097 2731 verborum
1121 2687 1199 2744 uen,
1224 2685 1305 2750 quae
1324 2665 1453 2730 adhibet
1470 2667 1556 2730 iaetu

362 2774 512 2859 graviora
543 2777 575 2836 et
604 2791 654 2836 ree
684 2773 718 2835 in
741 2773 846 2836 maine
870 2774 1032 2858 augentia.
1057 2769 1154 2836 Velut
1175 2772 1207 2836 h.
1221 2771 1244 2836 l.
1269 2793 1326 2838 nec
1350 2770 1448 2836 Phaia
1472 2771 1556 2858 quod

363 2879 487 2943 dictura
519 2881 568 2942 eet
594 2879 771 2962 exspectari
794 2876 899 2942 voluit
922 2884 968 2943 ut
991 2898 1202 2963 magnum,
1226 2899 1283 2942 nec
1306 2878 1465 2943 Parmeno
1486 2898 1555 2942 eam
1676 2867 1677 2922 t

363 2992 408 3048 ut
431 2981 586 3047 faleum
609 2985 853 3048 contemnit.
1448 3055 1452 3060 ,

408 3090 424 3155 Ι
447 3089 479 3155 2.
493 3089 536 3154 28
560 3087 670 3154 Samia
693 3089 777 3155 mihi
800 3093 903 3155 mater
925 3091 988 3155 fuit
1086 3089 1215 3155 Parm.
1243 3088 1360 3155 Potest
1379 3090 1479 3154 taceri
1498 3089 1556 3153 hoe

408 3196 489 3261 Don.
514 3194 563 3277 (3)
590 3199 676 3280 ,pot
697 3201 720 3260 t.
733 3195 788 3262 h.’'
808 3195 842 3261 id
862 3201 911 3260 eet
930 3195 1108 3261 verisimile
1128 3201 1192 3274 eet,
1213 3216 1270 3260 nec
1290 3194 1350 3260 hoo
1369 3194 1409 3258 ad
1426 3192 1555 3259 laudem

362 3302 488 3388 proiicit
510 3301 565 3367 eed
588 3301 626 3366 ad
651 3300 785 3367 dedecus
808 3303 996 3370 meretricie.
1043 3300 1114 3367 Hoc
1137 3300 1188 3365 lP
1211 3303 1245 3365 in
1269 3300 1317 3367 ed.
1338 3321 1396 3366 ena
1415 3302 1461 3366 eie
1481 3299 1557 3365 dila

362 3410 463 3474 tavit:
496 3407 544 3487 (2)
573 3456 602 3486 „.
616 3412 641 3472 t.
654 3407 708 3472 h.'’
737 3410 940 3493 peregrinam
968 3409 1054 3472 naeei
1075 3409 1278 3473 meretricem
1303 3411 1336 3472 et
1358 3406 1429 3472 ideo
1452 3410 1557 3492 potest

362 3516 471 3579 taceri.
1425 3511 1458 3577 S.
1483 3533 1510 3577 c.

407 3617 488 3682 Ibid.
518 3617 561 3682 43
573 3617 621 3698 (2)
655 3617 794 3696 „Bonam
818 3639 1035 3705 magnamque
1057 3623 1182 3708 partem
1207 3617 1246 3683 ad
1268 3623 1300 3683 te
1322 3616 1456 3683 attulit’'
1480 3618 1556 3683 haec

363 3724 514 3789 dicuntur
538 3722 780 3799 ἰσοδυναμοῦντα
807 3730 866 3802 „ut
888 3725 944 3790 abe
966 3730 998 3789 te
1021 3730 1129 3810 petere
1151 3729 1184 3789 et
1207 3723 1357 3809 poscere”
1383 3721 1557 3804 (Heautll

338 3828 689 3909 ·1.53).510D0n.
770 3829 820 3894 IP
851 3836 945 3916 rogat
975 3829 1024 3911 (3)
1053 3831 1103 3894 An
1134 3831 1243 3915 potine
1268 3828 1428 3907 „bonam”
1454 3831 1558 3914 specie
1673 3839 1674 3846 ’

365 3933 782 4022 „magnam''.quantitatel
835 3936 929 4001 Alius
951 3936 1055 4002 denuo
1075 3938 1232 4022 magister
1249 3935 1284 4001 id
1303 3938 1347 4000 eie
1368 3935 1558 4002 affirmavit:

363 4041 410 4122 (4)
442 4042 534 4107 Nune
564 4042 733 4109 discretive
764 4041 888 4108 dictum
919 4048 983 4119 eet,
1008 4063 1082 4108 nam
1107 4041 1185 4107 aliae
1211 4039 1334 4119 „bona”
1359 4062 1416 4126 pro
1439 4061 1558 4127 magna

363 4149 537 4232 accipimus
561 4154 592 4214 et
615 4147 730 4214 multa.
1227 4146 1259 4212 S.
1285 4154 1461 4232 utrumque
1485 4168 1513 4212 c.

397 4328 424 4393 1)
447 4327 526 4378 Etiam
544 4328 617 4379 achel.
636 4331 667 4378 1⁶
677 4331 713 4392 (2)
731 4331 755 4379 ct
771 4331 809 4392 (3)
824 4332 895 4394 atque
913 4330 958 4378 111
971 4329 1013 4392 (2),
1032 4330 1129 4380 eandem
1147 4345 1198 4379 rem
1215 4329 1342 4378 tractantia
1359 4329 1419 4378 laico
1436 4329 1559 4379 damnavit

362 4409 497 4459 Sebbrdini.

396 4493 424 4557 8)
443 4495 477 4542 lla
494 4493 538 4542 hoc
554 4494 644 4544 acholio
665 4494 753 4544 Donafi
770 4494 890 4543 rhetorico
907 4493 961 4543 vide
982 4495 1073 4542 linem.
1091 4493 1196 4543 XXXIII
1214 4509 1239 4558 p.
1258 4493 1314 4542 145.
