3450 5382
336 365 402 434 172
858 381 1011 430 munros.

380 551 411 616 II
436 550 466 616 5.
482 550 524 616 18
561 549 727 637 Virginem
753 549 855 616 forma
879 549 962 614 bona
985 549 1118 612 memini
1143 548 1250 614 videre

380 658 428 738 (3)
450 657 608 735 „Videre”
629 655 885 742 providisse:
907 654 1029 718 Ennius
1051 657 1208 730 „memini
1228 677 1280 720 me
1293 654 1533 740 fieripavum”,

333 765 390 832 alii
414 766 462 846 (4)
485 768 530 829 sic
556 765 711 842 „memini
735 762 865 829 videre”
890 767 927 825 ut
951 763 1048 827 novi
1073 763 1252 847 probare
1279 763 1403 840 „forma
1424 761 1531 828 bona’'

335 872 551 956 distinguunt.

378 975 545 1042 Scholium
577 977 658 1040 vitio
689 974 822 1040 laborat.
857 974 978 1038 Wesen.
1011 974 1108 1039 verba
1142 975 1211 1055 »(4)
1243 973 1296 1038 Sic
1328 976 1462 1039 memini
1487 1013 1530 1024 -

333 1081 487 1168 probare'’
512 1081 638 1147 notavit
662 1086 699 1144 ut
723 1082 880 1159 insiticia,
905 1082 1060 1165 iungens:
1088 1078 1166 1157 „alii
1190 1079 1293 1144 forma
1317 1080 1398 1144 bona
1422 1079 1535 1144 dietin-

333 1188 473 1274 gunnt”‚
509 1190 553 1253 uic
589 1194 696 1252 tamen
733 1187 820 1252 locue
855 1207 918 1250 non
943 1190 1082 1262 sanetur,
1109 1205 1184 1250 nem
1208 1187 1311 1250 oritur
1334 1188 1533 1270 comparatio

335 1295 470 1359 absurda
492 1297 576 1358 inter
600 1291 866 1378 significationem
890 1296 943 1354 τοῦ
969 1293 1123 1367 „memini
1147 1290 1277 1356 videre’'
1298 1296 1330 1356 et
1349 1294 1535 1377 interpunc-

335 1404 456 1465 tionem
477 1407 549 1486 poet
571 1400 671 1476 „bona
688 1397 821 1476 formu’',
844 1397 897 1463 eed
915 1396 1053 1462 alterum
1066 1418 1140 1461 oum
1153 1396 1254 1461 altero
1266 1397 1349 1462 nihil
1361 1418 1533 1463 commune

333 1506 440 1570 habet.
462 1507 574 1571 Potius
586 1507 691 1590 igitur
702 1503 790 1568 locus
803 1509 874 1588 post
888 1501 1050 1588 „pavum”
1064 1505 1110 1566 ita
1123 1501 1277 1586 legendus
1291 1507 1353 1566 eet:
1368 1501 1457 1580 „Alii
1470 1505 1531 1567 uio:

336 1615 490 1690 „memini
512 1611 641 1677 videre’'
663 1616 700 1675 ut
720 1613 818 1675 novi
838 1608 1052 1695 probare‚”
1075 1630 1155 1694 quae
1168 1614 1217 1674 est
1230 1611 1338 1694 inepta
1350 1610 1532 1674 observatio

292 1699 296 1708 ⁸
334 1718 491 1795 Editorie,
524 1719 579 1801 qni
608 1716 746 1802 perfecta
778 1737 853 1781 oum
885 1715 1118 1801 significatione
1141 1719 1316 1801 praesentis
1340 1718 1512 1780 memini
1522 1763 1541 1802 ,¹

335 1826 433 1888 novi
463 1825 572 1888 iuncta
604 1843 678 1886 oum
705 1821 876 1887 infinitivis
900 1821 1121 1906 praesentibus
1144 1824 1228 1885 iuter
1253 1842 1286 1886 se
1310 1822 1532 1906 componebat.

335 1929 422 2015 Ergo
445 1929 525 1994 Don.
549 1929 693 2014 primum
714 1928 817 1993 dedit:
844 1925 979 2006 „Videre
1001 1949 1057 2012 pro
1078 1925 1216 1992 vidisse.
1232 1975 1239 1991 .
1255 1926 1435 2011 .pavum”;
1457 1932 1532 1992 tum

337 2037 412 2099 huic
444 2034 562 2100 acholio
593 2056 715 2099 novum
744 2034 875 2110 adiecit,
901 2035 1022 2116 opinor,
1048 2033 1252 2097 huiusmodi:
1279 2031 1463 2124 „<Quidam
1481 2030 1529 2118 ¹)>

338 2141 461 2217 „forma
480 2140 581 2206 bona”
602 2139 840 2226 distinguunt'’.
865 2138 1002 2220 Quinam
1021 2141 1066 2203 sic
1086 2141 1192 2203 minue
1212 2144 1297 2204 recte
1310 2139 1528 2218 distinxerint,

339 2250 509 2311 nescimus.

381 2353 461 2417 Ibid.
488 2352 529 2417 19
566 2352 600 2416 Si
624 2374 656 2417 ee
681 2351 828 2416 illumin
852 2354 973 2416 somnio
997 2371 1093 2436 quam
1116 2350 1213 2415 illum
1237 2350 1389 2436 amplecti
1414 2350 1532 2417 maluit

382 2461 430 2538 (1)
462 2458 520 2535 „lu
545 2459 686 2522 eomuie'’
716 2465 939 2543 pernoctem,
964 2464 1001 2521 ut
1026 2456 1186 2543 Vergilius
1211 2457 1315 2535 „libra
1339 2458 1389 2524 die
1412 2461 1531 2523 somni·
1572 2489 1579 2500 v

336 2586 397 2649 que
429 2564 540 2649 parcs’'
572 2563 691 2644 (Gai
723 2564 802 2646 208)
835 2569 867 2629 et
897 2562 1042 2628 Plautus·
1061 2566 1174 2640 „miris
1197 2563 1300 2631 modis
1326 2561 1406 2652 <di>
1432 2563 1528 2630 ludoe

335 2672 457 2735 faciunt
480 2670 685 2747 „hominibus
710 2673 862 2756 mirisque
887 2669 1042 2754 exemplis
1063 2673 1171 2734 omnia
1190 2673 1224 2734 in
1244 2672 1365 2734 somnis
1385 2663 1531 2735 danunt'

336 2777 445 2858 (llere.
478 2783 509 2841 et
541 2776 648 2857 llud).
719 2776 766 2858 (2)
793 2775 1049 2865 <„Ampleoti'’>
1077 2776 1159 2861 quod
1187 2776 1286 2863 vulgo
1311 2777 1430 2841 dicitur
1453 2798 1530 2842 cum

334 2882 391 2947 illa
423 2903 569 2958 manere,
602 2904 676 2947 oum
708 2882 767 2948 illa
797 2883 945 2946 dormire.
979 2880 1045 2945 Alii
1070 2881 1266 2960 „insomnio”
1292 2881 1448 2968 vigilam,
1473 2883 1530 2948 sed

335 2988 452 3054 melius
476 3010 550 3074 per
570 2994 744 3054 noctem.

381 3095 451 3159 Non
483 3094 650 3158 Don.·eed
676 3094 789 3158 Editor
813 3099 878 3170 eet,
902 3096 958 3178 qui
982 3097 1054 3178 post
1079 3094 1126 3172 (1)
1151 3094 1319 3170 subiunxit
1342 3093 1400 3175 (2),
1425 3100 1458 3159 et
1481 3095 1530 3160 ita

334 3207 371 3264 ut
395 3203 538 3285 primum
563 3200 679 3265 Donati
704 3200 824 3265 scholio
849 3205 1022 3286 opponeret
1044 3198 1137 3277 illud,
1161 3200 1245 3284 quod
1269 3206 1335 3266 eet:
1364 3199 1450 3278 „Alii

333 3328 390 3391 per
425 3308 584 3384 noctem'’,
622 3307 695 3372 dein
729 3307 949 3392 praecedentia
985 3308 1023 3371 de
1059 3308 1156 3373 verbo
1191 3306 1410 3392 amplecti,
1448 3328 1530 3392 quae

334 3410 532 3496 Compilator
555 3415 683 3478 inversa
706 3413 815 3477 edidit.
863 3412 1015 3477 Weeou.
1040 3415 1172 3476 initium
1197 3411 1310 3477 scholii
1333 3412 1380 3493 (2)
1405 3412 1530 3478 inclini-

333 3520 375 3582 tie
405 3517 523 3582 litteris
553 3518 691 3584 reddidit
722 3540 823 3604 usqne
854 3520 892 3583 ad
927 3518 1119 3598 „dormire'’,
1144 3541 1201 3604 pro
1224 3518 1470 3604 interpolatione
1493 3521 1529 3583 in

334 3625 484 3689 continuo
520 3624 638 3689 scholio
670 3625 805 3704 Donati,
830 3628 882 3690 cui
906 3627 1004 3691 etiam
1029 3620 1144 3690 tribuit
1167 3625 1264 3690 finem
1289 3624 1347 3704 (2)ἰ
1371 3624 1452 3702 „alii

334 3731 493 3807 noctem'',
516 3730 570 3794 sed
594 3731 653 3795 hoc
677 3734 706 3796 ei
729 3733 886 3817 imputari
908 3752 972 3796 non
996 3736 1119 3816 potest,
1144 3737 1181 3794 ut
1203 3733 1347 3815 ineptam
1370 3737 1528 3797 construo

334 3839 454 3900 tionem
477 3838 652 3912 „insomnis
673 3836 811 3902 maluit'’
832 3839 993 3903 mentione
1015 3839 1148 3923 dignam
1169 3836 1358 3915 crediderit,
1379 3843 1411 3902 et
1430 3839 1530 3930 signi·v

334 3941 514 4006 ficationem
540 3964 614 4027 per
637 3950 888 4017 noctemnou
912 3946 1004 4008 unice
1028 3949 1166 4020 rectam,
1194 3943 1249 4008 sed
1275 3943 1436 4020 „melius”
1462 3950 1530 4008 ten-

334 4053 405 4111 tum
429 4069 496 4112 esee
520 4051 652 4132 putarit.
677 4048 787 4134 Ipsum
812 4055 922 4114 autem
944 4049 1109 4114 llditorem
1130 4049 1211 4113 hauc
1231 4051 1529 4134 interpretationem

334 4156 531 4239 excogitasse
557 4157 709 4241 auspicor.

364 4393 394 4493 l)
412 4430 435 4494 Q
445 4445 459 4476 u
469 4429 476 4477 i
487 4430 500 4477 d
511 4445 525 4478 a
535 4444 558 4477 m
576 4430 648 4478 ctiam
666 4428 786 4493 supplevit
806 4428 834 4474 W
844 4444 857 4478 e
866 4443 895 4476 ss
906 4443 930 4477 u.
948 4427 986 4477 III
1005 4428 1028 4476 2.
1040 4428 1070 4475 30
1081 4429 1123 4494 (2).
