3450 5382
349 364 413 431 138
866 382 1022 430 nonanus.

346 568 427 634 quae
447 550 493 614 sic
513 569 546 614 se
565 548 678 614 habet:
707 547 766 628 „O,
786 549 842 634 qui
862 545 1015 614 vocarel'’
1036 548 1115 614 Post
1136 547 1198 628 „o”
1219 550 1349 616 nomine
1368 552 1543 615 vocaturus

345 677 406 721 non
429 655 544 722 habuit
567 654 644 741 quid
668 654 786 720 diceret
809 659 842 720 et
863 653 935 720 ideo
959 654 1095 720 subiecit
1120 656 1197 740 „qui
1220 652 1375 722 vocarel”
1400 653 1541 721 810101-

344 760 462 848 gilius:
494 760 542 840 „0
556 798 599 810 -
613 781 711 847 quam
742 766 774 826 te
802 781 998 839 memorem,
1022 759 1137 846 virgo?
1161 761 1263 827 Moris
1286 767 1335 827 est
1358 768 1466 826 autem
1491 763 1541 826 iu-

343 868 473 933 feriores
496 869 624 953 proprio
646 868 776 932 nomine
799 886 930 945 vocare,
955 869 982 932 si
1006 865 1144 933 blandiri
1167 867 1264 946 velie;
1290 866 1345 932 sed
1369 866 1421 932 hio
1440 870 1544 932 nomi·

342 976 392 1038 nis
424 972 561 1052 oblitus,
589 973 669 1038 dum
693 973 820 1038 dubitat
843 979 876 1037 et
899 976 1052 1058 inquirit,
1076 974 1214 1039 inhaesit
1237 974 1452 1060 pronomini’'.
1476 971 1539 1055 (cf.

345 1079 425 1146 Don.
450 1081 485 1144 in
507 1079 585 1161 (1)).

390 1184 438 1251 De
463 1186 575 1251 eadem
598 1207 631 1252 re
654 1185 778 1252 Wessn.
802 1186 836 1250 in
859 1187 941 1272 App.
966 1187 1080 1251 citavit
1103 1185 1183 1250 Dan.
1209 1185 1249 1250 ad
1271 1186 1352 1251 Aen.
1373 1185 1389 1250 Ι
1409 1183 1462 1263 38,
1482 1186 1541 1250 nbi

345 1292 423 1358 haec
451 1290 623 1378 leguntur:
657 1292 744 1370 „Nec
773 1312 865 1376 posse
897 1291 992 1357 Italia
1018 1291 1215 1358 Teucrorum
1240 1297 1383 1358 avertere
1406 1292 1539 1378 regom''

347 1402 379 1462 et
410 1399 492 1462 mire
524 1400 666 1466 Aeneam
690 1397 796 1463 noluit
819 1400 994 1464 nominare.
1019 1397 1227 1465 Honorantnr
1250 1400 1337 1465 enim
1359 1399 1498 1463 minores
1522 1418 1542 1463 a

347 1503 522 1569 maioribus
550 1505 577 1569 si
600 1524 657 1569 suo
680 1505 808 1569 nomine
831 1503 951 1569 fuerint
974 1506 1151 1583 nominati,
1175 1510 1214 1569 ut
1239 1503 1375 1582 ‚,Aeole,
1399 1524 1540 1589 namque

344 1610 437 1675 tihi''.
462 1608 580 1677 Contra
602 1609 796 1676 contumelia
820 1615 869 1675 est
891 1612 920 1675 si
941 1612 1078 1676 maiores
1098 1630 1116 1675 e
1135 1611 1315 1676 minorihus
1332 1632 1389 1676 suo
1409 1613 1542 1676 nomine

345 1718 559 1796 nominantur,
591 1721 629 1781 ut
663 1717 813 1795 „lunonis
845 1718 955 1803 gravis
986 1716 1067 1794 ire'’‚
1099 1722 1131 1782 et
1166 1737 1299 1803 „paoem
1323 1722 1355 1782 te
1378 1719 1542 1802 poscimus

346 1843 474 1902 omnes,
500 1822 639 1889 'Purne'’.

377 2019 605 2103 ⁴Meminimus
628 2036 893 2102 Weesnerum
918 2036 1029 2121 (praef.
1055 2060 1086 2123 p.
1111 2041 1203 2118 ΠΜ)
1225 2035 1480 2104 Sabbadinii
1504 2043 1537 2102 et

345 2145 556 2211 Rabbovii
584 2145 732 2230 vestigiis
756 2145 958 2210 insistentem
981 2145 1169 2222 coniecisse,
1193 2143 1388 2210 scholiorum
1413 2143 1540 2209 ordines

346 2253 431 2316 Aet
456 2250 482 2316 B
505 2256 741 2336 repraesentare
765 2249 977 2335 exemplaria,
1003 2271 1083 2336 quae
1107 2256 1273 2340 excerptor
1296 2270 1380 2316 unus
1402 2255 1435 2315 et
1459 2249 1541 2315 altar

346 2379 363 2424 e
397 2361 578 2422 commento
613 2356 730 2422 Donati
765 2363 891 2422 servato
926 2358 1064 2422 auctoris
1098 2359 1228 2424 nomine
1261 2357 1468 2422 confecissent
1504 2377 1540 2422 ao

345 2461 441 2549 „plus
473 2464 623 2527 minusve
653 2463 877 2528 transformata
902 2465 936 2528 in
961 2461 1225 2529 Terentianorum
1249 2463 1398 2528 codicum
1420 2464 1541 2549 margi·

300 2645 301 2648 ¹
344 2568 420 2634 nos’'
449 2567 703 2646 transtulissent;
736 2567 936 2654 Oompilator
966 2574 1074 2634 autem
1105 2569 1162 2634 hos
1193 2568 1318 2634 ordines
1342 2567 1381 2634 ad
1403 2568 1539 2634 Phorm.

345 2671 420 2740 113
450 2672 589 2740 alterum
620 2679 692 2759 poet
723 2673 861 2740 alterum
886 2674 1039 2754 dedisset,
1065 2675 1120 2740 sed
1144 2675 1217 2741 dein
1241 2674 1281 2740 ad
1304 2674 1436 2740 Phorm.
1461 2673 1493 2741 II
1518 2673 1538 2738 4

344 2803 446 2866 usquo
478 2780 517 2846 ad
549 2779 645 2848 finem
676 2780 802 2847 fabulae
834 2781 980 2869 neglecto
1011 2781 1112 2847 altero
1143 2780 1282 2848 alterum
1311 2781 1539 2847 tantummodo

344 2890 387 2969 (A
410 2886 463 2953 vel
486 2886 526 2969 B)
557 2885 747 2954 rettulisset.
784 2887 868 2969 Quid
904 2887 942 2953 de
973 2887 1032 2953 hao
1063 2889 1244 2953 coniectura
1272 2886 1466 2953 censendum
1497 2889 1541 2952 sit

343 3015 440 3080 supra
463 2994 541 3059 satie
563 2993 739 3079 disputavi.
763 2992 857 3059 Nune
879 2992 913 3057 id
936 2998 1064 3058 tantum
1085 3014 1218 3074 moneo,
1239 3014 1313 3058 cnm
1333 2996 1368 3058 in
1387 2993 1538 3059 ordinum

342 3099 473 3167 scholiis
507 3101 535 3164 h
566 3105 599 3165 et
628 3099 665 3179 Β,
698 3105 770 3165 tum
800 3101 835 3164 in
865 3097 998 3185 reliquie
1030 3099 1068 3165 ed
1099 3099 1180 3165 Pho.
1211 3100 1243 3165 II
1268 3098 1376 3186 lsqq.
1407 3119 1540 3184 prorsus

279 3197 281 3203 ⁸
342 3205 482 3273 similem
505 3206 648 3273 eiusdem
671 3205 911 3290 Interpolatoris
940 3225 1068 3291 operam
1101 3206 1192 3271 nobis
1223 3204 1397 3271 identidem
1429 3205 1540 3293 depre-

342 3315 474 3378 hensam
507 3333 592 3389 esse,
624 3333 721 3397 qnam
753 3317 845 3377 antee
877 3313 1045 3377 sescenties
1077 3310 1266 3377 offendimus
1288 3314 1322 3376 in
1346 3310 1475 3377 scholiis
1499 3311 1539 3377 ad

342 3418 481 3504 reliquas
511 3417 634 3483 fabulas
666 3423 698 3483 et
727 3419 861 3483 initium
891 3418 1111 3495 Phormionis,
1144 3417 1228 3483 unde
1260 3420 1405 3503 sequitur
1434 3417 1538 3483 illos

344 3522 511 3589 ordines
542 3529 582 3589 et
613 3525 876 3590 rarescentis
907 3522 1070 3589 scholia
1101 3525 1143 3588 in
1173 3522 1390 3608 reliquam
1414 3524 1538 3589 Phor·

345 3631 524 3695 mionem
557 3629 603 3694 ad
627 3629 886 3716 exemplaria
909 3630 977 3696 vol
1001 3629 1217 3715 exemplar
1240 3632 1463 3696 commenti
1484 3653 1538 3697 re

345 3734 527 3802 vocanda
558 3755 664 3813 esso,
696 3736 803 3821 quod
827 3737 873 3802 eb
897 3734 994 3814 1110,
1019 3757 1137 3821 quem
1161 3735 1378 3803 Editorem
1402 3737 1538 3823 appel·

342 3841 451 3920 lari,
492 3840 914 3927 interpolationibus
954 3845 1033 3907 iam
1073 3863 1328 3929 magnopere
1368 3850 1538 3909 auctum

341 3953 462 4014 asset.
492 3948 576 4030 Quid
600 3954 709 4014 autem
733 3970 878 4015 censeam
904 3950 942 4014 de
965 3950 1115 4014 ordinum
1139 3948 1273 4015 illorum
1296 3953 1539 4016 rarescentinm-

341 4077 402 4142 qne
431 4054 627 4121 scholiorum
650 4062 779 4124 auctore
802 4061 835 4124 et
859 4058 984 4148 origine
1006 4058 1039 4120 in
1064 4058 1210 4145 sequenti
1233 4059 1338 4143 capite
1358 4057 1417 4122 sub
1440 4056 1538 4124 finem

341 4163 516 4230 declarabo.
