3450 5382
699 370 857 420 oousrus.
1314 349 1377 415 165

182 541 261 604 bum
292 543 325 604 et
356 541 495 624 Asprum
526 541 733 625 praesertim,
767 540 888 624 hosque
913 539 998 602 viros
1022 535 1260 622 explanationes
1284 535 1379 600 tradi-

183 647 266 712 disse
285 645 381 710 modo
401 645 553 710 Donatais
573 645 808 720 anteferendae,
833 643 927 709 modo
952 658 1027 708 vero
1050 642 1292 727 postponendas.
1317 641 1379 706 Do

135 759 140 770 '
181 757 275 816 natus
295 751 334 816 ad
358 751 653 816 Phormionem
677 750 910 838 explanandam
934 748 1088 835 peculiari
1107 749 1194 814 fonle
1214 769 1291 813 usus
1310 768 1377 812 esse

181 857 356 924 videbitur.

341 1100 532 1181 Scholia,
554 1104 595 1167 in
620 1103 773 1188 quibus
796 1061 938 1167 fontes
961 1100 1220 1165 indicantur.

226 1284 427 1350 Nominatim
451 1287 592 1350 citantur
615 1287 649 1349 in
673 1288 852 1350 commento
876 1285 926 1347 uti
950 1282 1052 1347 fontes
1076 1281 1112 1345 hi
1134 1287 1294 1347 auctores:

227 1391 431 1477 Nigidius
455 1396 520 1455 ter:
545 1391 705 1456 Phorm.
731 1390 747 1454 I
771 1388 916 1465 4113.
941 1389 972 1453 ll
1000 1387 1074 1454 1.3.

227 1497 355 1563 Varro
383 1501 511 1582 quater:
547 1496 606 1561 Ad.
638 1496 681 1561 IV
712 1496 742 1560 2.
766 1493 819 1573 37,
845 1493 897 1559 44.
931 1495 958 1558 V
989 1493 1020 1559 8.
1046 1492 1097 1570 15,
1119 1493 1173 1559 29.
1210 1494 1376 1559 Praeterea

271 1601 418 1689 exempla
450 1604 590 1668 citantur
620 1605 699 1667 tria:
733 1624 772 1667 ex
804 1602 878 1666 Ant.
911 1623 938 1666 r.
969 1600 1001 1664 h.
1035 1600 1116 1664 Idun.
1149 1599 1181 1665 ll
1204 1599 1304 1678 225,
1336 1621 1375 1665 ex

270 1709 379 1795 logist.
404 1708 480 1774 ibid.
505 1707 548 1772 IV
575 1705 639 1774 3.7
664 1714 696 1772 ot
720 1708 849 1772 Phorm.
874 1706 890 1770 l
916 1705 1013 1772 1;15.

225 1817 383 1882 Probus
414 1817 541 1882 novies:
575 1814 674 1879 Andr.
706 1814 749 1879 IV
775 1813 805 1878 3.
821 1812 851 1878 5.
884 1811 1012 1878 vac.
1046 1813 1129 1877 Nun.
1162 1811 1178 1877 I
1212 1812 1286 1878 1.1.
1313 1813 1373 1878 Ad.

270 1922 316 1986 111
339 1921 439 1987 aaa.
464 1920 543 1986 Hac.
568 1920 648 2006 prol.
671 1920 687 1984 Ι
711 1921 741 1987 2.
769 1921 899 1986 Phorm.
924 1919 939 1983 l
964 1919 994 1984 1.
1011 1917 1062 1997 15,
1085 1918 1115 1984 3.
1130 1917 1160 1984 3.
1185 1917 1217 1983 II
1239 1917 1258 1983 3
1279 1918 1372 1983 Bas.

225 2137 356 2221 Asper
380 2140 444 2200 ter:
470 2134 527 2199 nd.
552 2133 598 2199 III
619 2133 650 2199 2.
665 2134 707 2199 25
729 2137 850 2214 (contra
869 2132 1035 2212 Probum).
1056 2130 1100 2197 IV
1120 2130 1151 2196 2.
1167 2129 1220 2196 20.
1242 2131 1371 2196 Phorm.

238 2266 242 2274 ·
271 2240 342 2305 12.
355 2239 409 2304 24.

225 2345 271 2411 De
305 2345 481 2431 Nigidio
512 2346 624 2410 statim
656 2347 799 2430 quaestio
830 2344 1003 2422 suboritur,
1036 2363 1093 2409 cur
1125 2344 1371 2428 antiquissimus

178 2460 287 2518 auctor
316 2455 433 2518 citetur
463 2457 591 2517 tantum
624 2452 663 2517 ad
697 2451 1007 2527 Phormionem,
1038 2469 1198 2534 nusquam
1229 2449 1268 2513 ad
1300 2448 1373 2513 reli-

179 2580 256 2644 quas
285 2557 419 2624 fabulas.
451 2558 521 2623 Hoc
551 2562 661 2623 autem
690 2557 860 2622 discrimen
884 2577 920 2621 eo
944 2559 1050 2620 maius
1073 2561 1122 2621 est
1145 2554 1230 2641 quod
1253 2554 1371 2640 triplex

178 2665 302 2751 Nigidii
332 2667 453 2730 mentio
485 2686 546 2728 usu
575 2665 665 2730 venit
696 2667 730 2727 in
762 2666 867 2748 prima
890 2664 1064 2727 commenti
1089 2667 1197 2747 parto,
1222 2681 1302 2747 quae
1325 2664 1372 2726 in·

177 2776 268 2857 tegra
302 2776 427 2836 servata
462 2774 520 2835 ost.
555 2769 674 2850 Quodsi
708 2768 811 2834 altera
840 2789 913 2854 pars
945 2767 1142 2833 scholiorum
1157 2767 1191 2848 ¹),
1225 2787 1323 2852 quam
1353 2788 1371 2832 a

177 2875 390 2962 Oompilatore
422 2878 574 2941 omissam
606 2896 673 2940 esse
704 2875 865 2952 vidimus,
898 2878 1055 2952 exstaret,
1088 2872 1181 2939 valde
1205 2871 1368 2957 probabile

176 2989 225 3048 est
256 2985 289 3047 in
321 3003 356 3047 ea
387 3003 513 3066 quoque
544 2985 613 3047 sius
644 2984 842 3046 mentionem
875 2977 974 3044 semel
1004 2981 1187 3064 iterumque
1217 2979 1369 3042 iniectam

175 3089 284 3154 fnisse.
308 3087 397 3172 ldom
422 3086 508 3154 salet
532 3088 570 3152 de
593 3089 746 3165 Probo,
772 3088 828 3172 qui
852 3087 886 3148 in
908 3086 1007 3152 huius
1031 3085 1206 3149 commenti
1224 3082 1370 3168 reliquiis

176 3195 270 3259 toties
301 3193 365 3258 fere
396 3195 589 3269 nominatur,
622 3195 746 3278 quoties
778 3191 817 3256 ad
841 3196 961 3256 ceteras
984 3188 1109 3254 fabulas
1133 3209 1253 3254 omncs.
1279 3188 1370 3269 Quod

176 3301 249 3366 hinc
279 3302 346 3365 iam
377 3302 569 3378 conicimus,
602 3301 762 3364 exstitisse
786 3296 946 3384 peculiare
970 3302 1193 3365 commentum
1216 3297 1249 3360 in
1273 3295 1371 3360 Phor·

176 3409 335 3483 mionem,
371 3426 432 3491 quo
467 3426 544 3470 usus
581 3408 623 3469 sit
657 3405 818 3481 Donatus,
853 3403 887 3468 id
922 3423 1032 3468 revera
1063 3404 1209 3487 contigit.
1241 3381 1388 3466 Scilicet'

177 3511 399 3578 Charisius
418 3514 452 3575 in
472 3514 576 3596 capite
597 3511 635 3576 ds
655 3511 805 3576 adverbio
826 3532 865 3575 er
884 3511 1045 3589 ὥφορμαιῖς
1068 3507 1174 3573 Iulii
1195 3507 1371 3573 Romani

178 3640 232 3685 sax
263 3618 533 3684 Phormionis
563 3616 650 3682 locos
682 3616 778 3698 (nihil
809 3637 849 3682 ex
880 3615 952 3681 aliis
983 3613 1114 3696 fabulis)
1146 3617 1300 3691 asseruit,
1331 3613 1370 3678 ad

178 3745 258 3810 quos
291 3724 498 3788 Romanus
528 3725 702 3788 sententias
733 3725 866 3808 ipsaque
897 3722 995 3788 verba
1025 3721 1225 3784 Arruntii
1256 3718 1369 3785 Celsi

131 3894 134 3900 .
177 3829 304 3895 rettulit
335 3829 372 3894 ds
396 3829 554 3894 adverbiis
577 3829 625 3894 ibi
648 3850 666 3894 a
690 3828 839 3894 Terentio
862 3828 1041 3912 usurpatis,
1066 3847 1144 3891 usus
1169 3825 1278 3890 eadem
1302 3845 1371 3910 par·

210 4087 238 4156 1)
263 4091 360 4152 Integra
382 4103 437 4154 pars
459 4087 595 4145 commenti,
619 4086 648 4134 ad
666 4101 698 4135 vs.
719 4084 824 4142 1-347,
842 4083 931 4133 scholia
947 4081 1017 4132 hahet
1037 4083 1095 4132 000.
1114 4083 1181 4130 Idem
1199 4097 1310 4131 versuum
1329 4098 1371 4133 nu·

176 4169 318 4222 morasthi
333 4169 362 4219 ab
377 4169 448 4219 initio
465 4167 601 4218 Andriae
619 4170 643 4215 st
659 4165 804 4216 Eunuchi
820 4165 889 4214 habet
904 4164 995 4214 scholia
1010 4162 1164 4222 assecla&
1181 4166 1232 4211 totu
1252 4163 1370 4213 Andria

175 4256 219 4315 (rs.
237 4254 294 4314 981)
312 4251 401 4302 scholia
419 4252 468 4300 scre
487 4251 560 4310 1aao,
577 4249 747 4298 Eunuchus
764 4251 807 4310 (vs.
826 4248 900 4309 1094)
918 4247 967 4295 iere
985 4247 1060 4296 2100.
1084 4245 1147 4293 Hinc
1164 4244 1233 4294 facile
1250 4248 1373 4309 computa·

174 4339 224 4393 tur,
241 4335 261 4383 si
281 4337 399 4385 Donatum
418 4331 623 4382 Phormiouis
641 4334 801 4380 commentum
817 4330 896 4378 eadem
912 4344 969 4377 cura
984 4343 1031 4392 qua
1045 4327 1142 4377 initium
1158 4335 1180 4375 at
1194 4342 1241 4391 qua
1252 4327 1369 4377 Andriam

176 4422 201 4466 et
219 4417 358 4466 Eunuchum
377 4417 405 4464 ad
424 4417 494 4464 linem
512 4413 648 4480 perduxisse
665 4412 788 4470 sumimus,
809 4411 834 4460 iu
852 4411 896 4459 hac
913 4408 992 4459 fabula
1010 4410 1074 4458 1055
1093 4424 1205 4458 versuum
1224 4408 1370 4460 scholiorum

175 4514 301 4551 numerum
317 4498 389 4550 luisse
408 4498 457 4547 fers
475 4497 549 4550 2⁶00.
566 4496 701 4565 Supersunt
719 4497 800 4548 autem
818 4493 896 4553 1480;
914 4493 995 4559 itaquo
1013 4491 1138 4558 perierunt
1156 4491 1252 4541 circiter
1271 4492 1343 4542 11a0.
