3450 5382
338 335 403 402 188
855 351 1012 401 nonanus.

378 518 459 584 Ibid.
484 515 527 584 79
562 518 612 583 I'u
637 522 668 584 te
690 517 777 584 idem
801 515 919 584 melius
944 517 1066 584 leceris.
1091 517 1171 585 Vide
1193 539 1301 605 supra.
1410 567 1412 571 ψ

376 624 424 690 ΙΙΙ
452 623 541 690 140
575 624 666 702 Nou,
692 644 805 690 verum
829 624 907 688 haec
929 626 1111 690 antecessit.
1289 621 1292 627 ’

378 728 457 795 Vide
487 750 592 816 snpra.
626 729 737 794 Denuo
771 728 855 795 Don.
890 731 959 794 sina
994 729 1152 796 decisione
1188 730 1331 798 diversas
1366 735 1532 820 opiniones

332 835 445 917 („alii'’
461 872 502 884 -
518 836 594 915 „alii
620 835 772 921 putant”)
800 833 938 901 rettulit.

379 941 406 1007 V
430 941 518 1008 9.16
553 942 603 1008 Mi
626 943 722 1008 homo
745 940 778 1006 di
802 939 919 1006 melius
943 940 1038 1007 duint

379 1047 510 1127 Quaerit
543 1047 686 1126 Probus,
727 1067 766 1112 an
802 1054 948 1113 matrona
983 1051 1051 1112 tam
1086 1047 1289 1114 familiariter
1323 1053 1409 1115 recte
1443 1049 1529 1115 dicat

333 1152 454 1231 alieno,
483 1152 538 1218 sed
562 1153 697 1218 frustra:
723 1173 798 1218 nam
820 1152 1013 1220 feminarum
1038 1154 1158 1229 oratio,
1183 1157 1244 1218 etsi
1268 1175 1333 1219 non·
1355 1153 1529 1234 blandItur,

334 1258 449 1324 blanda
483 1264 541 1331 eet.
610 1257 783 1345 Eleganter
818 1258 897 1324 Don.
935 1259 1053 1324 refutat
1088 1258 1247 1337 Probum,
1284 1260 1367 1345 quod
1400 1282 1457 1326 our
1488 1262 1528 1326 ab

334 1365 436 1450 Aspro
466 1366 641 1450 sumpsisse
671 1364 877 1456 perhibeatur
907 1364 971 1444 (W.
1002 1385 1033 1450 p.
1059 1364 1126 1445 23),
1158 1385 1289 1430 oausam
1320 1386 1384 1430 non
1414 1366 1529 1445 video,

333 1472 460 1536 etiamsi
483 1471 564 1536 hano
586 1471 684 1536 Probi
708 1473 926 1556 quaestionem
951 1469 1036 1556 apud
1059 1469 1154 1536 illum
1178 1470 1260 1537 forte
1282 1473 1418 1538 invenit.

378 1683 591 1771 Repperimus

380 1791 550 1878 Nigidium
583 1790 598 1855 I
629 1789 751 1858 1411
777 1789 829 1869 15,
857 1791 889 1856 II
915 1790 942 1857 I.
958 1790 989 1856 3.
1016 1792 1156 1857 Probum
1180 1792 1195 1858 I
1219 1792 1250 1858 l.
1266 1790 1306 1856 15
1332 1793 1528 1873 (annotavit),

336 1897 402 1963 33
421 1899 556 1983 (inquit).
579 1896 609 1962 II
630 1897 660 1962 3.
674 1896 717 1963 25
737 1897 892 1982 (quaeret).
916 1896 984 1962 V9.
1002 1897 1042 1963 16
1056 1897 1210 1982 (quaerit).
1231 1899 1372 1984 Asprum
1393 1897 1408 1963 I
1426 1898 1457 1963 2.
1472 1897 1527 1964 24.

378 2004 502 2070 Probus
527 2005 629 2089 Asper
651 2003 784 2069 indicati
807 2009 883 2068 sunt
905 1990 1039 2069 fortasse
1062 2004 1077 2068 I
1101 2002 1132 2068 3.
1147 2003 1177 2083 8,
1212 2004 1244 2068 II
1268 2003 1406 2083 1111,
1432 2001 1474 2070 79
1488 2005 1525 2072 Β.

334 2109 447 2176 Editor
482 2110 611 2176 exhibet
647 2109 822 2195 „quidam”
857 2111 921 2175 i.e.
957 2108 1101 2176 Donatus
1120 2110 1147 2175 ’1
1170 2109 1201 2175 4.
1218 2109 1248 2176 9.
1281 2109 1525 2177 Plures'foutes

334 2215 349 2280 1
374 2215 405 2281 3.
421 2212 473 2293 17,
498 2216 530 2281 4.
545 2215 599 2282 65.
623 2215 670 2281 III
694 2215 726 2282 2.
736 2215 790 2280 40.

378 2531 583 2616 Propositum
615 2530 698 2595 mihi
726 2531 898 2596 consilium
921 2537 1091 2597 exsecutus
1114 2553 1185 2596 sum
1197 2579 1205 2612 ,
1231 2537 1270 2597 ut
1293 2553 1311 2597 1
1334 2509 1528 2599 commenta·

333 2639 390 2702 riis
413 2638 562 2702 Ilunuohi
586 2643 619 2704 11
641 2638 846 2704 Phormionis
870 2659 927 2704 nec
952 2661 1015 2705 non
1039 2638 1237 2724 reliquarum
1262 2641 1381 2724 partim
1406 2638 1528 2706 fabula-

333 2764 408 2808 rum
431 2765 468 2810 ea
491 2742 613 2810 scholia
637 2743 824 2830 colligerem
844 2750 876 2810 et
895 2746 1121 2822 examinarem,
1142 2744 1227 2811 unde
1247 2744 1389 2810 Editoris
1408 2748 1529 2811 novicii

332 2852 560 2936 minorumque
591 2839 822 2937 magistrorum
852 2851 1125 2937 interpolationes,
1157 2850 1279 2917 scilieet
1303 2854 1527 2937 repetitiones,

331 2959 555 3035 repansiones,
576 2956 801 3042 supplementa
820 2959 903 3022 varii
922 2959 1060 3043 generis,
1080 2978 1178 3043 quarn
1200 2957 1388 3043 pleniesIme
1411 2979 1527 3045 cogno-

330 3069 502 3129 scerentur.
529 3063 575 3129 De
598 3063 729 3128 scholiis
752 3065 939 3140 rhetoricis,
964 3062 1090 3129 Donato
1113 3084 1170 3149 pro
1194 3070 1284 3150 part-e
1308 3069 1437 3128 tant-um
1459 3065 1527 3129 vin·

331 3169 484 3248 dicendis,
517 3171 571 3255 egi
601 3168 680 3234 olim
713 3172 747 3234 in
779 3171 938 3235 Mnemon.
964 3168 1111 3235 XXXIII
1134 3191 1165 3254 p.
1193 3169 1257 3235 126
1277 3169 1436 3255 squ-229
1457 3191 1524 3256 sqq.

323 3274 458 3366 ¹Scholia
481 3276 519 3341 de
542 3297 575 3341 re
600 3277 740 3353 scenica,
765 3275 804 3341 de
828 3274 1011 3341 fabularum
1036 3278 1229 3355 oeconomia,
1255 3275 1293 3342 de
1318 3275 1431 3361 figuris
1455 3297 1525 3343 ver-

330 3382 446 3448 borum
477 3387 510 3448 11
543 3383 792 3460 sententiarum,
826 3385 944 3469 quippe
976 3402 1056 3468 quae
1088 3381 1186 3467 longe
1210 3381 1360 3468 pleraque
1382 3383 1525 3468 genuina

330 3489 413 3566 sint,
438 3487 568 3553 silentio
592 3489 754 3574 praeterii.
