3450 5382
692 315 847 367 nonanus.
1305 299 1370 363 103

178 483 204 546 is
236 480 376 546 inserted
407 485 441 547 to
472 501 591 547 ansvver
622 483 669 546 to'
686 483 723 546 dc
752 480 809 544 illc
839 480 1058 568 emphasising
1082 481 1137 547 the
1160 481 1370 567 unprovoked

177 588 336 652 character
360 587 397 652 of
412 588 467 653 the
486 587 603 653 attack.
624 587 692 653 The
712 588 898 653 censebere
918 589 1017 674 given
1038 593 1071 652 to
1091 589 1128 651 dc
1147 589 1176 653 is
1196 587 1368 654 unusual.'’

220 692 298 758 ibid.
323 692 367 758 26
401 693 450 773 (l)
482 693 606 773 Φάρμιον
633 692 820 780 'tegiculum
844 694 956 759 dicunt
981 691 1104 770 Graeci,
1130 715 1148 758 a
1171 715 1233 779 qno
1255 696 1370 760 inster-

174 801 261 864 nitur
290 802 532 884 pavimentum,
564 799 648 864 unde
680 799 815 879 Φορμίων
839 805 985 885 correpta
1007 801 1113 885 prima
1136 799 1261 886 syllaba
1284 801 1369 886 apud

174 903 407 990 Apollodorum
430 911 494 983 cst,
523 927 587 970 non
612 927 690 992 ergo
714 926 732 971 a
756 905 955 984 formula,
979 911 1017 970 ut
1040 904 1171 990 quidam
1195 911 1311 991 putant
1336 913 1368 972 et

173 1011 244 1076 inde
267 1013 447 1096 parasitus,
471 1011 649 1077 vilissimae
672 1011 865 1077 condicionis
889 1012 1002 1089 homo,
1026 1033 1144 1077 nomen
1167 1015 1298 1098 accepit.

216 1116 264 1198 (2)
298 1115 335 1182 Si
366 1138 384 1182 a
416 1116 599 1182 formula
631 1122 715 1183 essct
746 1139 862 1184 nomen
892 1118 1091 1196 comoediae,
1119 1117 1367 1204 produceremus

170 1225 308 1308 primam
332 1222 512 1310 syllabam,
537 1226 566 1289 si
589 1244 607 1289 a
630 1225 896 1309 phormione,
921 1227 1079 1310 corripere
1105 1225 1266 1291 debemus.

216 1327 265 1396 Of.
298 1329 369 1395 12.
385 1327 428 1397 72
458 1316 507 1411 t)
540 1330 736 1409 „Phormio”
768 1352 831 1396 non
862 1352 881 1396 a
911 1330 1095 1397 formula
1127 1331 1182 1397 sed
1206 1352 1224 1398 a
1247 1332 1366 1418 phor-

170 1437 304 1501 mione
336 1435 442 1501 dictus
465 1441 609 1521 sparteo,
642 1457 739 1522 quem
761 1456 818 1501 nos
840 1457 1008 1502 aronam
1032 1437 1169 1504 dicimus
1193 1437 1364 1505 trivialiter

168 1547 202 1608 et
223 1563 280 1627 pro
303 1542 542 1608 cousuetudine.
602 1625 603 1628 Ἴ

214 1645 381 1713 Praeterea
415 1647 519 1714 Praei.
543 1648 558 1712 l
584 1647 618 1714 1:
652 1647 888 1728 „Quamobrem
910 1647 1000 1714 nulla
1022 1648 1183 1714 dubitatio
1208 1656 1256 1715 cst
1278 1650 1360 1716 hanc

168 1753 270 1820 solam
295 1775 380 1831 esse,
412 1756 466 1818 cui
487 1775 603 1820 nomen
627 1761 722 1839 poeta
744 1755 938 1832 mutaverit,
963 1760 996 1819 et
1020 1774 1125 1820 errare
1150 1775 1222 1832 eos,
1248 1757 1304 1841 qui
1328 1759 1362 1820 in

138 1903 140 1908 -
166 1860 225 1925 hac
248 1861 546 1926 Phormionem
569 1862 746 1946 parasitum
770 1865 886 1945 putant
909 1881 928 1925 a
951 1859 1137 1925 formula
1159 1859 1244 1938 litia,
1266 1881 1363 1947 quam

167 1965 360 2044 intenderit,
392 1968 614 2044 nominatum,
646 1986 721 2031 cum
752 1963 874 2031 Graeca
905 1965 1019 2052 lingua
1042 1965 1136 2031 fiscus
1160 1973 1306 2052 sparteus
1330 1973 1363 2033 et

167 2078 309 2138 stramen
340 2073 509 2138 nauticum
540 2075 585 2137 sic
617 2071 759 2138 dicatur:
791 2093 810 2137 a
842 2074 934 2137 cuius
965 2073 1012 2137 rei
1036 2071 1088 2138 vel
1112 2073 1287 2158 capacitate
1310 2073 1363 2139 vel

164 2178 293 2245 vilitate
317 2179 418 2243 etiam
442 2179 480 2243 ab
505 2176 697 2263 Apollodoro
721 2180 881 2263 parasitus
906 2178 1110 2244 Phormionis
1131 2181 1260 2244 nominc
1284 2201 1363 2244 nun·

167 2307 207 2352 cu
230 2291 314 2350 atur.

208 2307 295 2458 Illum
324 2390 542 2456 Praefationes
568 2390 665 2456 hodie
693 2389 853 2477 plerisque
881 2412 912 2457 v.
927 2391 956 2455 d.
983 2390 1146 2457 aDonato
1166 2394 1360 2477 compositae

164 2519 231 2564 essa
248 2497 424 2584 videantur
441 2496 531 2576 (Leo
550 2498 639 2562 Mus.
659 2496 760 2562 Rhen.
781 2487 955 2561 XXXVIII
976 2519 1007 2582 p.
1030 2496 1106 2568 326.
1132 2496 1360 2564 Sabbadini

163 2603 255 2669 Stud.
281 2602 354 2668 ltal.
379 2601 412 2666 ll
438 2601 490 2667 13.
515 2602 667 2669 Wessn.
692 2605 727 2667 in
751 2623 823 2688 app.
849 2603 888 2667 ad
908 2602 987 2682 h.l.,
1009 2601 1075 2684 ah),
1096 2625 1289 2689 consequens
1309 2611 1358 2672 est

161 2715 217 2786 nt,
249 2708 405 2796 quicquid
434 2711 469 2772 in
500 2709 630 2774 scholiis
662 2730 680 2774 a
710 2709 917 2794 praefationis
946 2711 1129 2776 testimonio
1152 2711 1359 2792 abhorret,a

161 2817 304 2901 genuino
329 2811 520 2880 Gommcnto
543 2821 742 2894 secernatur;
767 2817 910 2900 primum
932 2814 975 2880 26
988 2814 1046 2897 (2),
1069 2817 1189 2881 etenim
1212 2815 1357 2882 Donatus

161 2921 397 2986 derivationem
428 2939 446 2984 a
476 2920 662 2985 formula
683 2921 812 2998 reiecIt,
837 2922 913 3005 quia
935 2922 1126 3005 phormio
1152 2919 1292 2987 Graecae
1315 2925 1358 2987 sit

160 3029 311 3113 originis,
344 3031 379 3091 at
408 3026 507 3091 huius
538 3024 653 3092 scholii
683 3029 806 3104 auctor,
831 3028 907 3112 quia
931 3027 1094 3112 quantItas
1119 3048 1182 3092 non
1205 3031 1356 3094 convenit

160 3154 234 3198 cum
259 3152 337 3198 voca
360 3130 471 3196 latina.

203 3238 267 3304 Sed
290 3239 390 3303 etiam
413 3237 518 3320 26(1)
543 3241 575 3303 ct
600 3235 704 3318 vata)
728 3238 852 3304 Donato
876 3238 945 3303 dari
968 3243 1141 3324 nequeunt.
1163 3235 1260 3315 Illud,
1282 3240 1358 3324 quia

160 3350 191 3410 et
221 3343 365 3409 definitio
397 3341 511 3410 Graeci
542 3343 689 3410 vocabuli
720 3349 753 3410 ct
777 3345 947 3430 explicatio
971 3365 1029 3410 cur
1051 3346 1210 3429 parasitus
1235 3345 1279 3410 sic
1303 3367 1356 3432 ap-

159 3449 300 3536 pellatus
331 3449 447 3527 fuerit,
478 3452 576 3515 nimis
608 3450 756 3516 differunt
788 3472 806 3516 a
838 3450 1051 3534 praelatione3
1084 3450 1144 3516 hoc
1176 3449 1286 3516 eadem
1318 3453 1356 3519 de

161 3578 273 3634 causa,
297 3577 413 3642 nempe
436 3577 502 3621 ero
527 3577 543 3621 e
567 3555 858 3642 significationibus
882 3555 1017 3634 Donati,
1038 3577 1119 3642 quac
1139 3558 1242 3622 iustae
1262 3565 1355 3639 sunt,

159 3662 294 3729 alteram
325 3662 550 3729 tantummodo
581 3663 695 3740 refert,
721 3662 800 3727 dum
823 3661 923 3728 altera
946 3665 1119 3728 omitt1tur.
1144 3661 1289 3749 Denique
1312 3665 1357 3731 la-

160 3771 272 3834 tinitas
303 3771 472 3854 utriusque
504 3768 642 3833 deterior
671 3773 721 3832 est
744 3789 841 3852 quam
866 3767 985 3834 Donati
1009 3789 1076 3834 esse
1100 3767 1182 3834 solet
1205 3775 1237 3834 ct
1260 3771 1355 3835 ambo

159 3881 311 3962 repetunt
341 3874 391 3955 id,
422 3874 507 3960 quod
537 3873 576 3939 D.
609 3877 642 3939 in
668 3875 864 3960 praefatione
888 3875 971 3939 dixit
996 3895 1121 3952 „errare
1143 3895 1196 3939 coe
1220 3877 1276 3960 qui

159 3982 219 4046 Ph.
250 3983 429 4068 parasitum
453 3985 568 4066 putant
592 4001 609 4045 a
631 3980 816 4046 formula
840 3980 942 4060 litis'',
967 3982 1024 4046 ubi
1047 3982 1126 4046 scite
1149 3979 1272 4045 addidIt
1298 3981 1356 4060 „li-

158 4090 234 4167 tis”,
254 4087 340 4174 quod
359 4085 427 4152 illic
447 4086 656 4164 desideratur,
679 4109 742 4153 non
763 4107 836 4152 sane
855 4087 1027 4155 brevitatis
1046 4086 1163 4165 studio,
1185 4086 1302 4153 saltem
1321 4090 1356 4152 in

159 4192 201 4260 72
224 4192 273 4275 (2)
309 4191 524 4278 tautologiam
556 4192 712 4257 habemus
748 4191 964 4271 „trivialiter”
998 4213 1058 4272 „ex
1090 4191 1354 4258 consuetudine.’'

158 4299 378 4365 Wessnero
411 4318 537 4383 quoque
567 4298 669 4363 forma
699 4300 732 4362 in
765 4297 808 4364 26
822 4297 870 4378 (I)
895 4319 958 4363 non
982 4297 1121 4382 placuit,
1147 4299 1205 4364 ubi
1227 4297 1355 4366 lineolis
1420 4319 1423 4326 ’

158 4406 307 4471 distinxit
337 4404 563 4471 emblema-
590 4403 694 4482 „unde
799 4404 935 4490 putant”
962 4410 1062 4469 -et
1092 4404 1292 4490 sicquidem
1316 4413 1355 4472 ut
