3450 5382
686 360 850 410 6666666.
1309 339 1372 407 181

226 521 338 598 Denuo
360 531 394 594 in
418 528 466 608 (1)
486 527 623 594 aliorum
643 530 751 614 opinio
769 527 1001 614 praemittitur,
1022 547 1120 612 quam
1140 526 1219 593 Don.
1240 529 1376 614 corrigit

179 639 214 702 in
244 637 308 717 (2);
342 636 476 701 16616666
508 640 616 701 tamen
646 639 720 720 post
751 634 809 715 (l),
843 632 928 719 quod
950 633 1109 698 scholium
1132 636 1166 698 in
1191 639 1374 700 commento

179 743 364 810 cohaerebat
384 763 459 806 cum
480 741 538 822 (2),
558 741 722 806 intercidit
742 740 813 818 „Ita
832 738 1000 825 qnidam”;
1023 740 1131 806 666166
1150 740 1194 805 IV
1208 739 1239 806 7.
1253 741 1295 806 34
1308 740 1373 821 (2);

180 851 259 928 „boc
283 870 301 914 6
323 848 515 935 quibusdam
541 845 748 926 1161166661
772 867 833 934 ego
853 847 966 932 puto’'.
989 845 1138 912 Wessn.
1160 850 1267 913 minus
1288 853 1373 913 66616

178 956 314 1021 cursivis
344 955 464 1020 litteris
490 955 646 1039 expressit
669 955 718 1034 (2)
741 954 781 1018 61
805 955 899 1018 161116
923 974 1024 1038 66666
1048 954 1088 1018 ad
1113 975 1232 1039 „quam
1256 953 1374 1019 mihi”.

179 1060 322 1126 Donatus
346 1081 410 1126 uno
432 1064 540 1124 166666
561 1057 708 1125 exhibuit
728 1050 889 1139 (1)-112)
908 1075 1009 1144 66666
1029 1059 1069 1124 61
1091 1059 1197 1138 „Nam
1216 1063 1243 1126 61
1264 1060 1374 1124 distin·

177 1167 295 1233 reris”.
327 1166 413 1247 Quae
446 1168 530 1230 enim
563 1166 601 1230 ab
633 1165 788 1230 his-inde
812 1165 919 1231 verbis
942 1164 1110 1251 leguntur,
1135 1168 1242 1231 omnia
1265 1166 1373 1231 inania

176 1279 270 1338 sunt:
293 1270 475 1350 ,,66111666”’
492 1272 541 1336 116
561 1270 816 1336 subaudiendum
836 1291 920 1346 6666,
941 1277 1013 1356 6661
1034 1274 1161 1358 „magis
1173 1272 1371 1358 principem'’

175 1377 424 1464 intelligendum
459 1399 526 1442 esse
563 1398 681 1462 ..quam
714 1376 828 1454 mihi'',
864 1377 948 1463 quod
985 1377 1037 1444 vel
1073 1379 1136 1442 tiro
1166 1377 1284 1444 viderit
1292 1398 1300 1456 ;
1337 1397 1373 1442 66

177 1486 364 1570 praesertim
396 1503 477 1569 quae
508 1490 687 1569 sequnntur
719 1483 757 1548 de
788 1483 847 1548 heo
871 1481 1050 1563 locutione,
1075 1485 1097 1549 i.
1110 1505 1138 1549 e.
1163 1483 1202 1550 de
1226 1505 1262 1550 eo
1288 1483 1373 1569 quod

178 1592 279 1669 „hanc
302 1590 393 1655 rem'’
419 1590 608 1656 describitur
628 1612 684 1674 per
703 1589 830 1676 plenam
852 1592 1044 1656 sententiam
1063 1611 1174 1656 versus
1193 1591 1371 1675 sequentis;

176 1696 254 1762 haec
278 1717 378 1781 neque
404 1694 605 1773 „elaborata”
621 1700 705 1774 ,sunt
729 1695 891 1774 66666116,
917 1717 974 1761 666
1000 1718 1113 1763 verum
1137 1701 1185 1762 est
1207 1694 1373 1781 01661616-

175 1825 250 1868 nem
285 1807 415 1888 propter
445 1802 584 1865 nimium
615 1802 773 1887 gaudium
802 1806 835 1867 et
864 1804 1079 1868 rusticitatem
1111 1802 1308 1867 titubantem
1339 1807 1372 1866 et

174 1907 407 1975 balbutientem
431 1909 476 1972 116
498 1905 647 1972 locutum
670 1928 739 1974 6666
753 1906 786 1988 ¹).
811 1907 919 1994 Igitur
940 1908 1013 1974 inde
1038 1910 1076 1974 ab
1098 1908 1203 1986 „Nam
1223 1909 1271 1972 si’'
1295 1905 1372 1972 ndi-

178 2021 228 2082 166
250 2015 346 2081 66616
369 2015 455 2079 facit.

220 2120 336 2206 Opinio
359 2117 484 2204 prolata
505 2119 539 2183 in
563 2119 611 2200 (l)
635 2122 689 2184 vir
712 2120 817 2187 Probo
841 2120 942 2206 Aspro
965 2122 1121 2205 imputari
1144 2122 1273 2205 poterit.

219 2226 250 2290 II
281 2226 311 2290 4.
326 2224 369 2290 23
409 2225 458 2290 116
493 2246 620 2310 quaese.
661 2224 792 2306 Quando
829 2228 906 2292 bene
940 2227 1109 2305 successit,
1146 2225 1249 2291 hilare
1283 2226 1369 2291 bunc

177 2351 344 2397 sumamus
368 2331 453 2396 diem

218 2437 267 2518 (1)
296 2435 415 2501 Volunt
448 2437 578 2521 quidam
602 2440 635 2502 61
658 2437 744 2501 1666
767 2458 896 2503 versum
922 2436 998 2524 Syri
1019 2457 1171 2522 personae
1194 2436 1371 2522 adiungen-

173 2543 270 2621 dum,
302 2542 357 2608 sed
385 2540 587 2628 Ctesiphonis
612 2563 648 2608 66
671 2544 768 2610 verba
793 2565 860 2610 6666
884 2544 1021 2609 subditis
1045 2543 1179 2630 planum
1202 2552 1268 2623 est,
1293 2564 1368 2609 com

173 2649 250 2713 dicit
280 2647 337 2728 (lV
363 2648 392 2712 1.
408 2645 440 2727 5)
473 2669 569 2726 „nam
597 2649 682 2713 1666
706 2649 792 2715 diem
817 2653 933 2715 misere
957 2652 1055 2715 nimis
1079 2653 1192 2735 cupio,
1217 2657 1255 2716 ut
1279 2652 1369 2735 coepi

172 2759 362 2840 perpetuum
386 2756 420 2818 in
441 2753 566 2820 laetitia
590 2755 737 2841 degere”.
1042 2752 1044 2756 ’

217 2859 313 2925 Recte
333 2860 494 2939 Donatus,
517 2866 663 2926 errarunt
683 2861 857 2946 „quidam”
883 2860 943 2940 illi,
966 2861 1090 2928 Probus
1108 2883 1145 2926 an
1169 2860 1291 2947 Asper?
1316 2861 1366 2929 Of.

171 2988 237 3052 seq.
261 2965 432 3032 scholium.

216 3072 262 3138 III
285 3073 316 3138 2.
330 3071 373 3140 25
410 3073 532 3139 Probus
556 3095 707 3159 personae
730 3076 873 3160 assignat
899 3073 956 3139 166
981 3073 1160 3151 Sostrat-ae,
1182 3073 1284 3158 Asper
1303 3095 1365 3138 non

170 3177 244 3243 vult
263 3178 428 3244 adomnia
447 3200 577 3244 servum
598 3179 805 3264 respondere,
826 3179 880 3244 sed
900 3181 1060 3244 nutricem
1080 3182 1175 3262 66161
1193 3178 1364 3263 hocloqni.

216 3283 252 3348 16
285 3306 317 3350 66
349 3285 446 3349 dubia
478 3284 621 3351 Donatus
651 3284 826 3370 locupletes
850 3290 995 3352 auctores
1019 3286 1164 3350 nominat
1185 3284 1279 3349 litem
1302 3307 1365 3350 non

169 3390 333 3456 dirimens.

215 3495 258 3560 IV
285 3495 371 3561 1.14
407 3496 494 3576 Quae
518 3502 638 3582 (66666)
662 3519 723 3562 666
748 3497 821 3562 data
845 3503 979 3563 estnon
1002 3496 1199 3582 potsstfieri

217 3602 263 3683 (2)
288 3603 349 3667 Hic
372 3602 411 3667 de
433 3604 526 3667 166116
549 3605 692 3687 quaestio
712 3608 777 3681 661,
799 3606 834 3668 16
854 3624 917 3688 qus
937 3603 1070 3689 quidam
1090 3603 1253 3690 disputant
1274 3623 1367 3688 quae-

171 3709 244 3774 dam
275 3715 353 3773 1666
384 3708 548 3794 6666111116
571 3708 731 3796 intelligi,
756 3730 832 3774 cum
856 3710 939 3775 16616
962 3713 1043 3788 6161;
1070 3731 1144 3775 cum
1169 3715 1277 3775 autem
1302 3731 1365 3774 non

170 3814 264 3894 fiant,
284 3837 347 3880 non
368 3815 462 3880 modo
482 3837 544 3880 666
565 3815 650 3893 1661,
671 3815 725 3880 sed
744 3837 783 3880 ne
803 3815 968 3901 possibilia
988 3816 1120 3902 quidem
1138 3837 1205 3884 esse
1218 3814 1364 3881 dicenda:

169 3923 226 4004 qui
249 3918 339 3986 locus
363 3920 429 3999 aspi
455 3919 589 3984 δυνατῶν
614 3919 740 3985 dicitur.

217 4025 357 4091 Η666166
381 4046 398 4091 6
422 4024 674 4111 quaestiunculis
697 4024 763 4092 illis
787 4027 883 4092 Probi
907 4029 947 4093 ab
972 4029 1075 4112 Aspro
1098 4025 1221 4093 6616161

204 4239 231 4303 l)
254 4238 398 4289 Bentlei
409 4255 444 4288 us
465 4237 609 4304 exprobrans
632 4237 756 4288 ,16661166
774 4239 798 4291 61
815 4235 913 4287 166166”
930 4257 989 4304 quas
1008 4241 1130 4299 Donatus,
1148 4239 1294 4304 6666661166
1311 4255 1366 4289 cnm

166 4323 237 4372 lando
260 4321 383 4371 nominare
405 4321 474 4380 66161,
498 4320 537 4370 116
560 4320 679 4378 citaverit,
704 4336 750 4369 non
773 4318 861 4384 166661,
884 4322 924 4370 661
943 4323 1144 4386 interpolatorem
1161 4323 1270 4370 accusat:
1289 4322 1367 4370 ,Cave

166 4407 246 4453 tamen
265 4419 319 4452 cnm
338 4405 429 4452 Donato
446 4403 528 4452 credas
545 4404 601 4452 deta
618 4418 690 4467 66666
707 4403 740 4452 616
757 4402 864 4451 locutum
883 4402 1034 4463 Terentium,
1056 4407 1081 4453 ut
1100 4403 1216 4454 rusticum
1234 4402 1366 4453 adolescen-

167 4493 216 4536 tem
233 4485 355 4534 induceret
375 4485 551 4535 „titubantem
568 4487 592 4533 61
610 4500 669 4550 6666
686 4482 905 4536 balbutientem.’'”
