3450 5382
325 349 391 414 108
842 367 1000 418 nonanus.

368 521 518 599 Iniusta
553 533 645 598 Hanc
669 554 800 618 operam
825 534 885 599 tibi
909 533 979 600 dico

368 638 417 720 (3)
439 639 520 704 Plus
541 647 590 705 eat
614 640 727 717 „dico”
752 660 850 725 quam
877 639 978 718 „do'':
1003 640 1173 707 dicatur
1197 651 1373 729 perpetuo,
1399 645 1529 710 datur

323 745 363 811 ad
385 753 524 832 tempus.
1454 735 1456 740 ’

368 850 459 916 Sitne
481 852 542 916 hoc
562 850 679 916 Donati
698 851 811 917 dubito
831 858 962 938 propter
980 851 1140 918 scholium
1159 854 1241 920 Dan.
1263 856 1304 920 ad
1324 857 1404 922 Aen.
1426 857 1441 921 1
1466 855 1526 922 73:

323 955 390 1022 Alii
415 957 568 1034 „dicabo”
592 958 674 1023 dabo
698 961 868 1044 accipiunt.
894 957 1079 1024 Terentius:
1101 963 1190 1037 „iam
1210 962 1293 1026 hanc
1311 982 1442 1047 operam
1464 963 1527 1028 tibi

325 1062 427 1140 dico'',
449 1063 484 1127 id
507 1070 556 1129 cst
579 1063 631 1129 do.

367 1168 450 1234 Ibid.
472 1167 513 1233 13
536 1168 628 1234 Senis
644 1173 757 1246 nostri,
777 1169 877 1248 Dare,
890 1171 1022 1235 tratrem
1036 1174 1192 1238 maiorem
1205 1171 1379 1240 Chremem
1393 1173 1526 1241 nostin?

535 1274 601 1340 Da.
626 1274 766 1356 Quidni?

372 1381 420 1461 (2)
444 1381 568 1446 Mirum
592 1382 819 1468 compendium
837 1386 1029 1448 narrationis
1049 1387 1142 1469 quasi
1160 1407 1218 1470 per
1235 1387 1527 1473 interrogationem

327 1488 421 1562 fecit,
445 1507 485 1552 ne
508 1508 548 1551 ex
571 1486 636 1553 alto
659 1495 826 1574 repeteret.
849 1487 902 1554 Sic
922 1488 1088 1576 Vergilius
1108 1491 1223 1569 ,fando
1243 1480 1374 1578 aliquod
1394 1495 1423 1557 si
1443 1494 1527 1558 forte

331 1599 404 1658 tuas
428 1594 637 1679 pervenitad
660 1597 775 1660 aurss''
799 1616 827 1660 e.
840 1616 871 1679 q.
884 1617 910 1660 s.
934 1595 979 1673 (Π
1003 1595 1072 1677 al),
1098 1604 1130 1662 et
1155 1601 1283 1675 „nostin
1307 1598 1400 1676 hanc,
1426 1620 1526 1684 quam

326 1705 414 1766 amat
442 1697 581 1763 freterl”
610 1702 645 1763 in
676 1700 833 1765 Eunucho
864 1699 925 1778 (ΙΠ
949 1701 979 1767 5.
996 1702 1062 1781 15).
1132 1702 1246 1769 Editor
1276 1705 1336 1770 hoc
1369 1705 1527 1790 ampullis

325 1808 372 1871 ita
402 1808 584 1871 exornavit:
616 1806 664 1884 (1)
696 1805 837 1872 Dicendo
868 1807 994 1883 „senis”
1025 1808 1165 1874 ostendit
1180 1810 1205 1890 ¹)
1229 1817 1262 1875 et
1284 1801 1526 1877 ¹adulescentem

326 1931 359 1977 se
383 1912 552 1976 dominum
574 1912 706 1989 habere,
731 1911 863 1977 dicendo
889 1913 1035 1991 „nostri”
1060 1915 1200 1980 ostendit
1223 1937 1292 1981 esse
1315 1922 1349 1982 et
1368 1917 1525 1996 alienum,

326 2017 457 2084 dicendo
477 2018 652 2094 „fratrem”
672 2039 734 2083 non
753 2039 857 2084 unum
876 2041 944 2085 ease
956 2023 1162 2099 monstrarit,
1176 2022 1307 2087 dicendo
1321 2025 1525 2100 „maiorem”

327 2127 425 2190 etiam
453 2126 586 2189 minoris
609 2125 686 2190 facit
707 2124 865 2190 indicium
888 2126 960 2206 (NB
983 2129 1090 2192 minor
1111 2126 1168 2192 ille
1191 2134 1240 2193 est
1262 2128 1444 2215 Demipho,
1470 2132 1527 2216 qni

328 2233 362 2295 in
382 2229 490 2296 fabula
508 2229 684 2297 identidem
704 2229 910 2317 comparati).
933 2232 986 2298 Sic
1006 2237 1194 2319 argumenti
1206 2240 1331 2320 partem
1343 2239 1527 2302 maximam

327 2336 470 2402 nondum
492 2357 622 2400 narrans
642 2339 676 2400 in
696 2340 766 2422 ipsa
785 2340 1036 2423 interrogatione
1055 2343 1215 2426 transegit
1231 2341 1284 2418 (cf.
1304 2340 1412 2421 Dan).
1437 2340 1527 2407 Haec

328 2448 437 2510 autern
458 2445 565 2507 omnia
584 2450 713 2528 propter
732 2442 889 2528 populum
903 2441 928 2524 ²)
947 2447 993 2508 sic
1012 2452 1171 2531 aguntum
1191 2445 1263 2510 ideo
1274 2445 1332 2511 ille
1346 2444 1525 2532 „quidnil”

328 2549 424 2626 dicit,
449 2570 502 2615 ne
540 2551 583 2613 sit
619 2570 699 2634 opus
735 2548 884 2634 pluribus
922 2551 1038 2615 verbis.
1116 2550 1197 2617 Doce
1232 2573 1312 2638 quae
1346 2552 1526 2618 secundum

329 2654 593 2742 Interpoletorem
627 2657 728 2721 insint
762 2658 796 2720 in
831 2676 867 2720 eo
895 2655 980 2741 quod
1002 2655 1147 2722 Donatus
1171 2658 1348 2744 appellarit
1381 2661 1525 2736 „mirum

329 2759 591 2847 compendium’'t

376 2867 456 2932 Ibid.
482 2867 523 2933 19
559 2867 600 2932 Dt
623 2872 787 2953 supererat
809 2865 857 2948 (3)
880 2867 959 2932 Plus
982 2874 1032 2933 est
1055 2890 1278 2954 superesse
1302 2891 1399 2956 quem
1425 2891 1524 2937 esse.

373 2974 444 3052 Dd,
469 2980 507 3039 ut
530 2972 572 3040 57
586 2973 633 3054 (2)
658 2972 736 3039 Plus
760 2979 810 3038 est
833 2975 906 3050 „ris
929 2973 1026 3038 boni'’
1052 2995 1149 3059 quum
1174 2955 1305 3042 bonum.

373 3081 454 3147 Ibid.
479 3081 523 3146 20
559 3081 709 3146 Desinas:
735 3083 780 3145 sic
803 3086 851 3145 est
874 3083 1043 3166 ingenium
1067 3081 1306 3168 (Demiphonis)

374 3188 455 3254 Don.
479 3188 527 3270 (1)
551 3189 639 3253 Bona
662 3188 860 3272 praeparatio
884 3208 947 3272 qua
969 3194 1001 3252 et
1025 3187 1115 3253 dives
1139 3194 1171 3254 et
1193 3211 1310 3256 avarus
1333 3189 1526 3256 describitur

328 3294 506 3380 Demipho,
540 3301 576 3359 ut
598 3293 761 3359 indotatas
785 3296 914 3378 nuptias
936 3292 996 3358 filii
1018 3294 1100 3359 ferre
1123 3317 1187 3360 non
1211 3298 1321 3380 possit.
1391 3296 1451 3361 Dd.
1478 3296 1524 3377 (2)

327 3401 442 3466 Recte:
467 3423 528 3466 non
553 3404 640 3466 enim
663 3401 851 3477 fortuna,
875 3401 992 3484 inquit,
1018 3421 1135 3466 avarus
1161 3408 1209 3466 est
1234 3403 1289 3467 sed
1312 3408 1478 3468 natura.

328 3508 487 3592 Lepidum
505 3507 588 3572 illud
609 3507 768 3592 „inquit'',
789 3509 879 3593 qnasi
900 3505 982 3572 Geta
1003 3509 1048 3572 sic
1067 3507 1326 3594 philosophetur!
1394 3509 1522 3575 Tertius

329 3614 715 3680 commentator.eddidit
739 3613 787 3696 (3)
813 3613 1029 3700 „Ingenium”
1055 3617 1204 3680 omnium
1229 3636 1268 3680 an
1293 3613 1436 3681 domini?
1460 3615 1523 3682 Sed

331 3721 454 3786 domini
477 3723 592 3806 magis.

375 3827 456 3892 Ibid.
481 3826 525 3892 24
560 3827 698 3893 Memini
721 3826 859 3913 relinqui
883 3849 934 3893 me
957 3833 990 3909 (a
1014 3828 1156 3911 senibus)
1181 3827 1239 3894 deo
1264 3831 1345 3895 irato
1369 3850 1441 3894 meo

376 3933 456 4000 Don.
489 3935 537 4016 (1)
569 3934 621 4000 Sic
653 3933 817 4020 Vergilius
843 3955 921 4013 „nec
945 3934 978 3999 di
1001 3940 1108 4000 texere
1131 3934 1319 4021 Cupencum
1342 3936 1449 4001 Aenea
1471 3956 1524 4000 re·

329 4044 438 4108 niente
471 4042 542 4107 aui”
575 4041 652 4122 (XII
675 4039 765 4123 538).
799 4041 870 4106 Hoc
902 4040 1013 4126 Asper,
1047 4040 1102 4106 sed
1133 4042 1216 4106 mihi
1248 4042 1378 4108 ridetur
1402 4040 1522 4107 adhoc

366 4320 392 4383 1)
413 4319 549 4369 „Dicendo”
568 4326 592 4370 ct
613 4317 748 4370 ,ostendit'
767 4320 792 4370 iu
811 4321 853 4370 ltd.
871 4319 968 4370 scholiis
985 4335 1054 4384 saepe
1072 4319 1182 4368 redeunt.

365 4403 392 4468 a)
417 4402 452 4451 cf.
471 4418 543 4468 supra
560 4419 584 4468 p.
601 4402 650 4456 237
670 4403 698 4451 ad
716 4402 776 4452 Eun.
796 4403 816 4450 V
834 4404 857 4451 4.
869 4401 900 4450 la
918 4401 943 4450 iu
961 4403 1017 4462 tine,
1034 4401 1075 4450 ubi
1093 4400 1275 4465 distinguuntur
1298 4403 1521 4466 spectatores

330 4489 355 4537 et
372 4501 385 4536 e
395 4500 407 4535 r
418 4501 432 4534 u
442 4486 456 4535 d
466 4485 474 4533 i
483 4487 494 4533 t
502 4485 518 4534 i.
