3418 5392
327 357 371 422 44
447 433 450 444 Ι
847 374 1002 423 marrus.

329 539 418 617 (ad)
442 539 588 605 fortunae
609 539 750 625 culpam.
820 537 937 604 Sabb.
958 560 1019 604 non
1040 541 1108 605 eine
1128 561 1221 606 causa
1234 543 1523 627 suspicaturetiem

329 644 552 730 interpolatori
577 645 688 710 deberi
714 645 797 731 quod
820 648 966 729 seqnitur
989 645 1036 725 (3)
1059 645 1102 711 llt
1124 648 1203 712 item
1228 646 1332 714 denno
1356 648 1444 727 (ad)
1466 648 1525 713 for-

329 757 426 834 tunae
450 753 569 816 crimen
595 750 698 828 „nihil
724 754 772 816 est
797 751 892 816 cum”
918 758 979 831 (vs.
1007 751 1071 832 12),
1095 753 1134 817 ad
1158 774 1250 818 suam
1269 753 1399 820 laudem
1421 753 1524 832 „nihil

330 857 407 923 defit
431 858 571 923 tamen’'.
641 857 722 923 Sunt
747 858 824 923 haec
848 859 989 943 profecto
1014 861 1111 924 nimis
1134 863 1285 945 speciosa.

374 963 464 1043 Quod
497 971 604 1029 antem
636 964 674 1028 de
703 967 773 1048 ipsa
797 967 954 1028 sententia
979 966 1228 1050 „o.h.n.q.h.'’
1252 965 1375 1053 legitur
1398 969 1434 1031 in
1458 966 1533 1047 (4);.

327 1069 531 1135 Alterutrum
553 1071 669 1135 horum
693 1075 885 1135 neutrumne
909 1076 1015 1155 potest
1038 1073 1143 1136 cuivis
1166 1072 1323 1151 accidere,
1348 1080 1523 1158 utrumque

327 1175 427 1253 nulli,
452 1180 500 1242 est
524 1175 603 1242 falsa
625 1175 788 1241 cavillatio
813 1183 942 1261 poetae,
967 1179 1022 1262 qui
1046 1177 1105 1243 hoc
1127 1180 1236 1262 ipsum
1259 1176 1422 1244 Gnathoni
1445 1180 1523 1243 acci·

327 1283 400 1349 dere
425 1283 570 1348 affirmat.
1392 1283 1424 1348 S.
1450 1303 1477 1349 o.

373 1389 452 1454 Ibid.
479 1385 519 1454 19
552 1388 614 1454 Sed
638 1389 689 1453 his
714 1387 799 1453 ultro
823 1388 945 1454 arrideo

373 1495 468 1560 quta
498 1495 630 1560 brevem
660 1500 693 1560 et
722 1497 924 1579 perspicuam
956 1493 1074 1561 Donati
1097 1495 1335 1561 adnotationem
1359 1495 1418 1576 (1),
1442 1495 1525 1559 mihi

328 1622 470 1687 quoque,
496 1606 533 1665 ut
556 1600 684 1678 sabb„
710 1600 802 1665 valde
825 1605 974 1684 suspecta
993 1607 1041 1665 est
1065 1600 1113 1682 (2)
1138 1623 1212 1666 cnm
1237 1607 1365 1688 propter
1388 1602 1525 1667 formam

327 1707 510 1792 perplexam
528 1714 560 1771 et
579 1708 764 1784 obscuram,
784 1711 856 1770 tnm
875 1714 1004 1792 propter
1021 1728 1158 1791 parvum
1179 1729 1286 1772 rerum
1310 1713 1524 1772 momentum.

373 1813 454 1878 Ibid.
479 1811 522 1878 26
535 1813 583 1894 (1)
617 1812 752 1891 „Lanii”
785 1815 841 1897 qui
863 1810 1003 1891 laniant;
1029 1812 1112 1878 unde
1136 1820 1168 1878 et
1190 1813 1325 1879 lanistae
1348 1813 1445 1891 dicti,
1471 1815 1527 1899 qni

330 1919 487 1986 laniandis
519 1929 671 2005 praesunt
701 1909 944 2004 gladiatoribus.
969 1919 1017 2000 (2)
1041 1919 1091 1982 aa
1114 1926 1144 1983 et
1166 1919 1369 1982 mucellam
1392 1943 1412 1982 o
1433 1942 1526 1982 moc-

329 2027 467 2090 toada'a
487 2025 642 2108 pecoribus
665 2025 785 2089 dictam.
855 2024 1525 2110 HocWessnerusiarnscripturanotavit,

330 2154 391 2197 non
414 2152 477 2216 quo
499 2134 647 2216 ineptum
671 2132 730 2209 sit,
756 2131 809 2195 sed
834 2137 870 2195 ut
894 2151 912 2194 a
934 2151 968 2196 re
989 2152 1118 2216 prorsus
1142 2131 1296 2196 alienum.

377 2236 456 2302 Ibid.
481 2235 524 2301 28
557 2236 605 2300 Ad
629 2257 739 2302 cenam
763 2243 877 2302 nocant
902 2243 957 2315 (sc.
982 2239 1110 2322 patroni
1133 2240 1310 2322 parasitos).

376 2342 487 2428 Inepte
518 2342 566 2406 IP
591 2343 640 2423 (l)
671 2350 783 2409 utrum
807 2343 847 2408 ad
870 2343 1037 2408 emendam
1062 2365 1173 2409 cenam
1196 2355 1243 2409 an'
1260 2366 1335 2410 vero
1359 2344 1398 2410 ad
1422 2346 1528 2409 convi-

332 2447 484 2529 viuml¹)
516 2448 547 2514 S.
573 2470 600 2516 c.
669 2450 716 2530 (3)
742 2449 950 2528 „Adventum
972 2449 1200 2535 gratulantnr''
1225 2450 1429 2516 adventus
1454 2471 1526 2536 pro-

330 2558 398 2641 prie
433 2560 689 2640 exspectatornm
725 2557 1049 2644 necessariorumque
1075 2555 1203 2621 dicitur.
1290 2555 1381 2621 Nihil
1416 2559 1526 2621 minus

330 2681 454 2727 verum.
1394 2661 1426 2727 S.
1451 2683 1478 2726 c.

375 2767 456 2832 Ibid.
481 2766 534 2832 29.
564 2766 624 2832 Ille
646 2769 703 2832 ubi
726 2769 824 2833 miser
848 2765 1014 2832 famelicus
1039 2767 1128 2833 videt
1152 2771 1199 2832 mi
1223 2789 1292 2834 esse
1316 2774 1446 2833 tantum
1470 2768 1525 2833 ho

331 2894 442 2939 norem
1108 2863 1110 2866 ⁵

375 2978 423 3059 (1)
443 2978 505 3043 Hic
526 2978 680 3056 ostendit,
702 2999 782 3065 qnae
802 3001 851 3044 res
871 2981 1012 3064 coegerit
1032 2978 1070 3044 ad
1087 2980 1285 3058 discendum,
1310 2979 1359 3061 (2)
1379 2986 1411 3046 et
1424 2980 1526 3045 simul

329 3083 404 3149 vide
436 3084 610 3150 secundum
642 3084 737 3172 vulgi
768 3088 950 3170 opinionem
981 3083 1070 3170 loqui
1099 3089 1296 3170 parasitum:
1324 3087 1524 3164 „miserum”

330 3195 362 3256 et
387 3191 625 3269 „famelicum'',
651 3192 813 3257 hominem
836 3192 976 3256 honestis
1000 3193 1143 3256 moribus
1166 3193 1357 3277 praeditum.

375 3297 558 3382 Utrumque
587 3298 752 3363 damnavit
782 3297 911 3375 Sabo„
943 3300 1068 3362 merito.
1106 3299 1281 3364 Adnotavit
1312 3300 1389 3364 haec
1413 3299 1526 3366 Editor

331 3406 449 3489 partim
469 3404 508 3469 ad
529 3404 720 3489 exemplum
742 3402 859 3468 Donati
880 3401 944 3483 (3):
964 3402 1043 3468 Vide
1061 3410 1100 3468 ut
1119 3407 1311 3471 sententiose
1329 3405 1526 3471 demonstret

368 3678 394 3741 l)
420 3677 583 3742 Interpolstor
608 3677 633 3725 h.
652 3677 667 3724 l.
696 3676 796 3725 tortasse
821 3677 902 3724 eodem
928 3677 994 3725 tonte
1019 3692 1074 3725 usna
1100 3680 1136 3725 cst
1158 3693 1206 3742 qno
1229 3679 1380 3744 Engrnphins
1402 3681 1432 3728 ad
1452 3680 1477 3730 h.
1496 3681 1526 3730 l.:

335 3760 455 3825 ‚Quidam
478 3759 618 3822 intelligunt
636 3758 794 3818 invitent;
812 3757 873 3806 solet
890 3758 954 3807 euim
971 3758 1149 3808 advenientibus
1166 3775 1223 3809 cene
1237 3761 1354 3824 promitti.
1382 3761 1484 3812 Plantas
1500 3763 1525 3812 in

332 3843 415 3893 multis
432 3841 571 3891 comoediis:
593 3840 743 3891 „advenienti
760 3841 817 3905 qnid
833 3839 877 3890 tibi
891 3856 977 3890 coenae
991 3839 1111 3891 debitur”.
1128 3843 1173 3890 Sed
1188 3842 1274 3891 melior
1286 3853 1367 3892 sensns
1382 3847 1429 3894 est:
1448 3846 1492 3894 und
1506 3861 1526 3895 c.

331 3924 434 3974 vocent”
457 3923 480 3972 h.
498 3939 518 3974 e.
537 3923 566 3971 nd
584 3924 695 3980 emenda,
715 3938 774 3986 qnae
792 3921 817 3970 in
833 3938 892 3971 cens
910 3926 966 3971 snut
983 3921 1120 3972 necessaris.
1147 3923 1200 3972 Hoc
1216 3928 1253 3972 est
1270 3925 1408 3984 verisimile,
1426 3926 1468 3990 qui
1486 3927 1527 3975 sli-

331 4006 387 4069 quid
404 4007 501 4063 vendat,
518 4005 611 4053 lucrum
627 4004 707 4069 potius
725 4004 785 4052 velle
803 4003 831 4052 ab
848 4019 875 4052 eo
893 4004 935 4067 qni
952 4005 980 4052 ad
996 4019 1020 4052 se
1034 4005 1133 4063 venerit,
1148 4010 1189 4054 ant
1203 4006 1316 4069 quiddam
1330 4023 1373 4071 per
1387 4007 1526 4072 obsequium

330 4086 416 4137 velle”.
454 4088 519 4136 Haec
538 4103 585 4136 non
603 4087 721 4150 intelligo.
756 4084 969 4150 Gerslenberg
986 4087 1015 4134 dc
1032 4087 1104 4150 Eugr.
1123 4104 1146 4151 p.
1171 4089 1202 4136 50
1219 4090 1342 4138 contendit
1358 4089 1476 4140 scholium
1493 4092 1527 4154 (l)

333 4171 393 4219 Dou.
408 4185 457 4218 ease
471 4172 495 4218 et
512 4172 663 4233 ‚excerptum
679 4184 706 4217 ex
724 4168 799 4218 multo
816 4167 948 4233 pleniore'’,
965 4169 1041 4232 „qnod
1055 4169 1206 4232 Eugrcphins
1220 4171 1345 4220 retinnit’'.
1377 4171 1526 4222 Postremum

330 4250 415 4299 scholii
437 4254 530 4315 partem
553 4251 607 4298 inde
630 4250 659 4298 rb
685 4250 754 4298 uHoc
770 4253 806 4298 est
823 4249 971 4298 verisimile'’
989 4251 1017 4298 G.
1036 4265 1084 4298 non
1102 4250 1198 4299 citavit:
1217 4250 1315 4300 haecine
1332 4253 1374 4301 ille
1391 4253 1527 4304 intellexit?

330 4333 451 4381 Hsnsitne
475 4333 546 4396 Ilngr.
571 4331 796 4397 interpretationem
819 4333 921 4381 alteram
938 4346 965 4379 ex
983 4335 1117 4380 commento
1135 4332 1280 4397 interpolato
1296 4339 1320 4382 et
1338 4335 1460 4385 eddiditne
1477 4337 1526 4401 ipse

330 4412 453 4464 obscuram
479 4414 658 4463 defensionem?
703 4415 733 4463 Iu
757 4413 840 4462 Plauti
863 4412 961 4478 Epidico
985 4414 999 4460 8
1019 4412 1119 4476 legitur:
1140 4416 1233 4463 ,Coena
1252 4415 1296 4464 tibi
1314 4415 1435 4478 dabitur”,
1455 4419 1526 4468 Hnno

329 4495 408 4546 locum
425 4496 454 4545 ab
473 4495 610 4561 lingraphio
628 4495 713 4561 respici
732 4500 801 4561 putet
820 4496 967 4555 Wessnerns,
985 4498 1011 4544 ut
1029 4494 1129 4544 comiter
1145 4511 1182 4545 me
1200 4497 1301 4547 monuit.
