3418 5392
347 339 390 406 10
866 353 1022 403 1111111111.

348 524 463 590 lator
487 525 769 608 Praecipuus),
801 522 935 614 debetur
957 526 1066 586 totum
1089 523 1154 588 fare
1177 521 1464 609 interpolationum
1487 544 1542 610 ge-

343 653 403 698 nus
435 630 519 717 quod
546 651 642 717 supra
674 629 825 715 descripsi
851 630 911 694 sub
934 628 982 693 Ill
1006 635 1038 694 et
1061 635 1224 714 praeterea
1247 652 1285 694 ex
1308 630 1541 696 additamento-

343 759 416 803 rum
442 758 557 823 genere
577 757 613 801 ea
634 756 714 820 quae
734 738 926 821 exquisitam
947 735 1089 821 aliquam
1110 735 1270 802 doctrinae
1291 739 1540 802 ostentationem

352 863 427 930 prae
459 864 493 908 se
522 843 635 907 ferant.
667 842 780 927 ltaque
803 847 870 906 tam
894 840 1001 926 ampla
1023 848 1055 906 et
1078 845 1228 908 continua
1250 844 1347 907 huius
1369 841 1542 929 Interpola-

350 952 428 1015 toris
452 949 515 1012 fuit
539 969 650 1032 opera,
679 952 723 1013 ut
751 968 840 1014 eum
869 952 1150 1012 commentum
1173 954 1424 1034 perpetuum
1446 947 1541 1014 Aeli

344 1061 605 1121 retractasse
629 1059 668 1118 et
691 1053 878 1118 edidisse
908 1055 1059 1139 suspicer,
1084 1060 1216 1118 auctum
1240 1056 1306 1118 suis
1331 1053 1540 1120 adnotationi-

346 1163 438 1238 bus,.
454 1181 532 1247 quas
562 1163 681 1246 partim
712 1180 750 1225 ex
781 1158 898 1225 Donati
929 1162 1064 1224 materia
1095 1159 1288 1237 destillavit,
1318 1163 1365 1226 ita
1387 1167 1425 1226 ut
1446 1161 1540 1227 modo

349 1272 441 1334 iuxta
468 1272 595 1332 textum
622 1268 818 1352 genuinum,
850 1266 944 1332 modo
968 1272 1139 1352 protextu
1164 1269 1233 1332 eius
1257 1272 1454 1345 commenta,
1478 1289 1542 1332 non

348 1375 491 1440 oratione
514 1372 569 1438 sed
593 1372 763 1457 aliquando
786 1372 880 1437 rebus
903 1371 1040 1449 similia,
1064 1370 1257 1458 legerentur,
1285 1376 1404 1458 partim
1434 1373 1543 1439 hausit

347 1501 386 1546 ex
409 1481 538 1565 ingenio
561 1477 614 1544 uel
637 1501 675 1544 ex
699 1478 770 1543 aliis
793 1478 949 1554 fontibus,
970 1499 1045 1543 cum
1065 1481 1163 1543 etiam
1183 1478 1321 1544 aliorum
1341 1479 1541 1564 quorundam

347 1584 607 1670 interpolationes
631 1585 821 1669 cognovisse
846 1583 993 1648 videatur
1017 1590 1089 1648 anta
1121 1604 1153 1648 se
1185 1593 1366 1650 commento
1395 1587 1541 1650 insertas.

346 1690 408 1758 Sed
441 1692 518 1756 haec
542 1690 646 1755 adhuc
670 1695 719 1755 est
743 1690 896 1774 suspicio,
923 1709 1020 1773 quam
1044 1692 1221 1754 accuratior
1245 1689 1437 1756 scholiorum
1461 1694 1542 1755 trac·

346 1798 426 1862 tatio
449 1798 483 1860 in
506 1797 564 1860 hac
587 1797 657 1880 ipsa
680 1794 902 1859 dissertatione
924 1815 1018 1872 mor,
1043 1800 1082 1858 ut
1104 1815 1214 1880 spero,
1235 1793 1351 1861 ualidis
1374 1816 1543 1882 argumen-

345 1905 387 1967 tis
411 1901 620 1969 confirmabit.

391 2008 454 2073 Hic
477 2011 511 2072 in
535 2009 674 2072 transitu
696 2027 810 2071 moneo
834 2011 1016 2072 commenta
1039 2012 1071 2071 et
1095 2005 1313 2073 additamenta
1333 2007 1477 2073 eiusdem
1497 2006 1540 2071 IP

347 2117 487 2179 inueniri
518 2116 615 2178 etiam
647 2115 687 2176 in
721 2111 982 2177 scholiorum
1014 2115 1123 2178 serie
1155 2114 1183 2178 A
1215 2119 1247 2178 et
1278 2113 1304 2178 Β
1336 2113 1376 2178 ad
1406 2114 1540 2178 Phorm.

349 2220 381 2285 Il
413 2217 489 2298 3¹),
526 2218 611 2283 unde
642 2221 789 2303 sequitur
824 2224 1045 2302 utramque
1081 2224 1273 2305 prognatam
1309 2241 1376 2285 esse
1407 2240 1446 2285 ex
1477 2240 1541 2284 uno

350 2325 523 2409 eodemque
548 2325 636 2389 fonte
659 2325 698 2390 ab
722 2323 764 2388 ΙΡ
788 2326 853 2389 iam
877 2323 1077 2409 interpolate.

394 2430 524 2496 Praeter
543 2431 628 2495 hunc
647 2429 908 2516 Interpolatorem
926 2433 1117 2517 primarium
1129 2433 1249 2517 passim
1263 2432 1543 2517 deprehenduntur

349 2537 496 2602 breviora
527 2536 715 2622 plerumque
747 2544 779 2602 et
810 2539 944 2603 minoris
975 2539 1132 2602 momenti
1164 2537 1382 2604 scholiuncule
1405 2538 1543 2604 aliorum

349 2646 599 2729 magistrorum,
630 2646 664 2707 in
696 2665 834 2729 quorum
865 2665 982 2730 genere
1012 2646 1110 2709 etiam
1135 2651 1226 2722 sunt,
1251 2666 1331 2730 qnae
1355 2646 1414 2710 suh
1438 2644 1469 2709 Π
1491 2667 1543 2711 no

351 2751 474 2816 minari
494 2755 691 2837 excerpta
714 2753 841 2836 proprie
861 2753 906 2815 sio
925 2751 1010 2815 dicta
1029 2772 1046 2814 e
1066 2750 1196 2815 scholiis
1216 2750 1385 2829 Donateis,
1406 2772 1543 2836 quorum

351 2877 505 2921 numerus
538 2877 634 2940 quam
666 2877 785 2941 parvus
816 2859 875 2932 sit,
907 2857 990 2922 infra
1013 2856 1189 2922 ostendam.
1214 2855 1425 2941 Reliquorum
1449 2877 1544 2942 opera

350 2965 440 3028 uaria
470 2983 532 3026 non
562 2961 654 3027 facile
678 2961 888 3049 dignoscitur,
912 2965 975 3026 nisi
998 2963 1082 3048 quod
1106 2966 1203 3028 etiam
1227 2984 1311 3027 nunc
1335 2983 1427 3047 saepe
1452 2961 1544 3028 offen·
1595 3029 1597 3032 .

350 3068 462 3134 demus
486 3069 608 3132 bonum
631 3067 725 3133 illurn
749 3069 931 3148 hominem,
957 3090 1052 3153 quem
1075 3071 1110 3133 in
1132 3068 1404 3134 Maon-XXXII
1424 3091 1455 3154 p.
1476 3067 1542 3134 287

351 3176 509 3261 insignivi
527 3173 637 3239 littera
657 3177 695 3253 A,
717 3196 876 3260 quemque
896 3176 942 3239 ita
962 3175 1196 3240 describebam:
1221 3174 1300 3252 „aas
1313 3173 1395 3238 lidus
1407 3174 1544 3239 Achates

352 3281 487 3360 Donati,
520 3282 694 3366 obsequens
726 3289 759 3346 et
790 3281 969 3359 modestus,
1003 3284 1059 3366 qui
1090 3281 1181 3346 illius
1213 3281 1433 3346 adnotationes
1456 3283 1545 3346 varie

351 3387 507 3464 adfirmat,
540 3386 731 3472 amplificat,
763 3389 905 3454 breviter
935 3389 1070 3472 repetit,
1101 3386 1186 3451 nihil
1215 3389 1291 3452 novi
1314 3389 1383 3472 ipse
1407 3408 1545 3473 usquam

351 3492 464 3558 addere
495 3515 591 3558 ausus
620 3497 684 3558 nisi
714 3497 850 3559 inventu
877 3493 1041 3558 facillima.
1067 3493 1225 3559 Adiunxit
1248 3493 1466 3559 additamenta
1489 3513 1545 3578 per

352 3597 527 3684 particulas
551 3621 629 3679 erpo,
652 3622 730 3676 acm,
755 3600 841 3676 enim,
867 3607 896 3662 et
918 3607 971 3677 est,
995 3599 1030 3663 id
1052 3607 1105 3677 est,
1125 3599 1189 3664 al.''
1211 3598 1398 3666 Cavendum
1418 3605 1544 3678 tamen,

352 3725 392 3770 ne
412 3705 488 3768 huic
507 3703 631 3768 homini
650 3704 856 3789 adsignemus
875 3707 983 3770 omnia
1003 3704 1221 3770 additamenta
1240 3706 1280 3770 ab
1299 3705 1457 3770 eiusmodi
1478 3724 1547 3790 par-

352 3810 461 3876 ticulis
485 3810 683 3888 incohantia,
708 3831 783 3874 nam
806 3813 839 3874 in
863 3810 914 3875 his
933 3813 1043 3875 insunt
1063 3831 1138 3875 cum
1158 3809 1295 3876 aliorum
1315 3813 1546 3898 magistrorum

352 3922 425 3982 tum
449 3919 547 3982 etiam
572 3937 652 4002 quae
675 3917 888 3982 characterem
912 3917 1047 4002 prodant
1070 3923 1123 3982 τοῦ
1146 3917 1227 3982 ΙΡ.·
1565 3911 1572 3923 “

387 4146 415 4209 1)
441 4143 501 4193 Vide
527 4143 634 4208 exempla
657 4159 670 4192 a
693 4158 731 4192 me
753 4143 817 4192 edita
833 4143 859 4192 in
878 4145 970 4194 Mnem.
987 4142 1023 4194 l.l.
1041 4161 1064 4209 p.
1083 4144 1225 4203 att-251,
1244 4147 1268 4193 et
1284 4160 1344 4208 quae
1361 4147 1442 4208 postea
1460 4144 1485 4193 in
1504 4143 1548 4193 huc

355 4225 521 4275 dissertatione
539 4240 552 4273 1
570 4240 608 4274 me
626 4224 770 4274 citabuntur.
790 4225 828 4274 01.
845 4241 905 4289 quae
921 4225 978 4275 ibid.
997 4225 1117 4290 disputavi
1135 4242 1157 4290 p,
1173 4227 1229 4276 ala.
1246 4227 1357 4275 Ceterum
1373 4226 1399 4274 in
1414 4225 1492 4290 prima
1506 4225 1550 4275 1111

354 4306 523 4371 disquisitione
540 4308 569 4356 de
587 4307 683 4357 scholiis
701 4309 731 4357 ad
749 4307 862 4358 Andriam
880 4309 985 4358 nondum
1004 4308 1084 4357 omniu
1100 4308 1158 4357 satis
1176 4308 1235 4358 bene
1252 4307 1343 4358 excussi
1359 4308 1478 4373 variisque
1495 4323 1550 4357 suc·

348 4389 440 4439 toribus
466 4389 585 4439 distribui.
614 4390 677 4453 Fir-go
704 4405 796 4439 errores
819 4389 871 4440 illie
895 4390 1031 4440 commissos
1054 4393 1136 4454 postea
1153 4389 1280 4454 aliquando
1297 4390 1418 4454 corrigere
1437 4390 1544 4440 animum

352 4472 444 4522 induxi.
