3418 5392
662 381 822 436 nonanus.
1291 365 1335 432 83

184 549 265 617 Ibid.
291 548 335 616 20
378 549 421 616 Di
449 553 592 615 vostram
624 547 737 626 fidem,
769 548 882 634 quanti
913 551 962 613 eet
995 544 1123 633 saperet
1146 547 1333 632 Numquam

147 656 270 735 accedo,
295 657 374 741 qnin
397 656 452 720 abs
475 660 507 720 te
530 655 640 720 abeam
665 653 786 719 doctior

188 763 235 844 (4)
259 763 345 827 Mire
368 763 437 846 egit
459 781 626 846 personam
650 759 839 825 admirantis
862 780 919 845 per
945 761 1063 824 trinam
1091 759 1337 844 apostropham:

148 869 185 935 ad
214 869 306 946 deos,
341 867 396 946 „di
418 889 449 934 v.
474 863 548 945 f.1'‘,
580 866 620 931 ad
651 867 815 950 seipsum
842 886 893 951 „q.
918 887 946 932 e.
970 865 1030 944 e.'’,
1054 864 1094 930 ad
1117 864 1258 930 militem
1284 888 1337 943 „n.

149 997 176 1041 a.
200 975 252 1060 q.”
273 979 349 1040 cett.

193 1080 413 1166 Apostrophae
443 1079 539 1143 nimis
564 1077 661 1163 longe
685 1079 864 1162 quaesitae:
912 1075 1066 1142 Eiusdem
1090 1082 1139 1143 est
1161 1076 1227 1160 (l):
1255 1077 1339 1158 „Qui
1410 1129 1413 1139 .

150 1189 209 1252 sois
231 1207 272 1251 an
296 1206 378 1272 qnae
399 1185 530 1250 iubeam
554 1186 622 1250 sine
646 1187 680 1250 vi
703 1183 819 1249 faciat'’
846 1187 878 1248 at
901 1183 960 1248 hoc
984 1185 1084 1249 mire:
1109 1199 1172 1249 non
1195 1181 1339 1261 „velim”

149 1292 202 1358 sed
234 1291 419 1370 ‚,iubeam''.
511 1290 592 1356 Don.
624 1288 672 1370 (2)
697 1288 870 1367 „iubeam”
895 1287 1015 1367 velim,
1039 1294 1078 1353 ut
1102 1289 1218 1367 „iubeo
1243 1287 1341 1356 Ohre-

150 1398 289 1464 metem’'
319 1396 433 1479 (Andr.
465 1395 513 1461 Ill
544 1394 637 1475 31).
729 1394 837 1481 Igitur
867 1394 996 1460 scholiis
1027 1394 1180 1461 Donateis
1210 1395 1258 1477 (2)
1291 1395 1339 1477 (3)

150 1525 235 1591 prae
258 1510 292 1570 et
314 1505 498 1588 postposuit
520 1522 588 1567 sua.

195 1609 276 1675 Ibid.
301 1607 345 1672 24
380 1607 469 1673 Thr.
501 1607 653 1694 Rogitas.
685 1628 765 1694 qnae
795 1608 878 1673 mihi
901 1612 975 1672 ante
998 1606 1105 1673 oculos
1129 1629 1236 1673 coram
1259 1629 1345 1675 ama·

151 1722 254 1782 torem
278 1714 443 1780 adduxisti
466 1711 583 1779 tnuml

195 1821 243 1900 (2)
268 1821 386 1886 Utrum
410 1819 611 1906 significatur
633 1821 780 1904 ineptum
795 1817 819 1898 ¹)
844 1817 960 1885 militis
984 1818 1108 1885 dictum
1133 1818 1221 1908 <an>
1245 1825 1340 1900 „ante

156 1925 282 1992 ooulos”
308 1926 417 1992 minus
441 1931 490 1990 est
512 1945 609 2009 qnam
635 1921 808 2002 ‚,coram’'l
889 1923 936 2005 (3)
961 1925 1070 1990 Potest
1096 1931 1190 2003 „ante
1215 1925 1343 1992 ooulos”

155 2038 187 2098 et
208 2031 331 2117 longe
353 2029 518 2116 intellegi:
546 2030 694 2108 „coram”
720 2033 819 2096 etiam
842 2033 1083 2116 proximitatem
1107 2031 1277 2118 significat.

199 2138 319 2204 Donati
348 2138 567 2221 quaestionem
590 2139 624 2200 in
648 2135 697 2216 (2)
720 2137 833 2200 inscite
856 2140 966 2216 („ante
989 2134 1118 2201 ooulos”
1144 2162 1183 2187 =
1205 2136 1346 2224 longe)

155 2243 252 2310 solvit
281 2242 404 2307 Editor.
464 2239 616 2308 Ceterum
647 2241 753 2306 confer
784 2240 865 2308 Don.
890 2242 949 2308 Ad.
974 2241 1005 2306 ll
1030 2240 1095 2306 4.5
1119 2241 1182 2324 (2)ε
1209 2241 1347 2321 „Geram

154 2353 186 2416 in
218 2370 253 2415 os
278 2346 431 2413 landare'’
457 2369 564 2414 coram
588 2347 626 2412 ad
649 2349 757 2432 ipsum
780 2349 918 2432 pertinet
942 2350 997 2432 qui
1020 2345 1150 2427 laudat,
1174 2354 1206 2414 et
1229 2349 1269 2414 ad
1292 2371 1345 2414 eos

156 2458 209 2542 qni
233 2455 386 2533 audiunt;
414 2455 468 2531 „in
489 2453 545 2519 os”
566 2451 734 2539 adipsum
755 2455 811 2537 qui
828 2452 988 2518 laudatur.
1013 2452 1076 2518 Ubi
1094 2453 1207 2519 Editor
1226 2455 1345 2520 denno:

157 2561 205 2643 (3)
234 2561 318 2627 Nam
352 2580 459 2625 eoram
489 2558 617 2636 laudat,
649 2561 705 2643 qui
735 2580 798 2623 non
821 2564 906 2624 tacet
928 2558 1012 2644 apud
1036 2557 1116 2624 alios
1138 2565 1169 2624 at
1193 2561 1252 2625 hoc
1276 2563 1346 2646 agit

156 2689 217 2732 non
241 2687 298 2751 per
321 2663 511 2750 epistulam,
535 2663 589 2729 sed
612 2666 680 2748 ipse
703 2685 866 2749 praesens;
894 2666 949 2742 „in
972 2663 1028 2729 os”
1053 2667 1109 2750 qui
1132 2665 1217 2752 apud
1237 2668 1344 2751 ipsum

155 2772 298 2858 loquitur
321 2791 418 2857 quem
442 2769 611 2835 collaudat.

201 2877 282 2942 lbid.
308 2875 351 2941 33
386 2874 576 2941 Diminuam
598 2896 659 2962 ego
682 2881 778 2961 caput
800 2880 896 2940 tuum
918 2875 1013 2941 hodie
1036 2877 1098 2941 nisi
1121 2877 1189 2941 abis

204 2983 253 3064 (l)
276 2983 443 3048 Rusticius
466 2981 549 3046 dixit
573 3003 621 3059 „o
645 2988 740 3046 tuum
764 2981 816 3045 d.'’
841 3002 938 3067 quam
958 2984 986 3046 si
1006 2982 1123 3048 diceret
1144 2983 1195 3061 „d
1217 2984 1276 3048 tibi
1297 2982 1346 3048 e.'’

215 3087 444 3156 Commentum
476 3090 530 3153 rix
564 3109 678 3154 verum
707 3086 965 3172 interpolatoris3
998 3090 1090 3152 cuius
1122 3086 1244 3154 similes
1276 3090 1349 3154 vide

160 3194 387 3280 explicationes
417 3193 465 3258 ΙΙΙ
494 3192 621 3276 2.3(3)
652 3198 685 3258 et
715 3192 758 3258 IV
787 3193 817 3258 6.
833 3191 874 3256 31
889 3191 937 3274 (4)
1006 3192 1153 3258 Elditores
1183 3194 1279 3260 hodie
1312 3216 1351 3260 ex

158 3300 357 3367 Victoriano:
383 3299 572 3364 Diminuam
596 3320 656 3385 ego
679 3299 740 3363 tibi
763 3303 869 3383 eaput.

204 3405 284 3472 Ibid.
309 3403 352 3470 35
388 3406 551 3490 Principio
575 3404 644 3471 dico
668 3424 739 3470 eam
763 3425 830 3470 esse
853 3403 1064 3472 liberam...
1085 3407 1189 3471 civem
1210 3407 1351 3474 Atticam

162 3559 214 3580 ...
234 3533 341 3578 meam
365 3531 515 3576 sororem.

206 3617 253 3698 (5)
276 3617 385 3694 Bonus
408 3616 501 3683 ordo:
524 3614 639 3695 libera,
662 3619 760 3695 civis,
779 3614 904 3682 nobilis.
975 3615 1184 3704 Suspectum
1206 3618 1244 3684 cf.
1265 3619 1348 3686 infra

162 3722 242 3789 Vt.
256 3722 300 3789 30
312 3722 372 3803 (2).

170 3837 171 3842 ’
207 3827 287 3895 lbid.
313 3827 355 3893 59
391 3826 454 3892 Hic
476 3828 556 3894 furti
575 3850 608 3895 se
632 3826 748 3914 alligat

207 3934 255 4016 (2)
286 3932 416 4000 Gnatho
445 3937 640 4000 occasionem
668 3933 798 3999 finiendi
820 3932 921 4020 litigii
945 3934 1135 3999 iamdudum
1160 3937 1285 4019 quaerit
1310 3936 1350 4000 ob

164 4040 355 4106 desiderium
387 4060 514 4105 mansae
538 4047 570 4106 et
593 4041 654 4106 cibi
679 4046 739 4120 (vs.
765 4039 845 4122 815)
869 4046 900 4105 et
923 4038 994 4105 ideo
1018 4042 1109 4126 quasi
1132 4038 1169 4104 de
1191 4043 1261 4103 inre
1285 4061 1355 4105 oon-

164 4146 273 4212 silium
305 4149 472 4232 suggerit,
505 4147 589 4211 hunc
621 4167 713 4212 reum
745 4147 824 4211 furti
854 4167 921 4212 esse
944 4168 1053 4232 posse,
1078 4150 1134 4230 qui
1156 4151 1287 4230 paratus
1311 4130 1355 4210 sit

163 4252 300 4318 alienam
330 4272 400 4317 rem
430 4273 523 4318 suam
553 4252 657 4318 dicere
688 4259 720 4317 et
750 4252 783 4317 id
814 4254 848 4318 in
877 4255 948 4317 iure
980 4250 1210 4338 1110531111-
1235 4251 1288 4316 too
1312 4257 1355 4315 cat

199 4479 227 4544 1)
245 4478 285 4528 Sic
301 4478 429 4542 legandum
445 4477 540 4528 videtur
557 4493 603 4544 pro
623 4475 739 4544 trinepti&
