3418 5392
701 365 860 416 nonanus.
1325 348 1369 415 89

174 553 227 618 per
260 538 315 596 aar
346 535 483 597 correxit
515 531 628 598 Editor
657 531 766 598 addito
798 531 944 617 exemplo
979 530 1192 609 Sallustiana,
1229 552 1269 597 an
1298 535 1367 618 ipse

171 637 280 704 Aelius
313 643 362 703 est
394 640 451 723 qui
479 640 586 703 iunxit
617 637 665 721 (2)
698 659 773 704 oum
796 635 867 717 (1)(
891 636 1038 704 Tertium
1064 639 1175 722 utique
1199 658 1218 702 a
1241 637 1365 704 Donato

160 744 420 814 abiudioandum
446 744 582 811 videtur.
655 801 658 806 ,

214 848 295 914 lbid.
325 848 365 914 19
402 851 489 914 Miro
521 848 655 914 artifieio
678 854 791 933 poetae
815 852 847 914 et
870 849 910 914 ab
933 850 1027 914 initio
1052 869 1114 912 non
1137 847 1282 933 placatur
1304 849 1368 936 Py·

170 956 252 1020 thias
271 976 329 1021 neo
350 955 434 1021 redit
452 957 486 1021 in
498 958 638 1042 gratiam
657 953 816 1022 Chaereae
836 960 868 1020 et
888 957 1017 1039 insuper
1035 976 1119 1020 nuno
1140 954 1368 1021 aParmenone

167 1063 313 1126 irritatus
333 1063 455 1146 magis,
477 1067 515 1125 ut
535 1080 592 1146 per
610 1081 681 1126 eam
701 1060 858 1126 Parmeno
878 1065 1045 1140 terreatur,
1066 1081 1122 1145 per
1133 1060 1367 1126 Parmenonem

169 1167 294 1253 ingredi
326 1166 366 1232 ad
397 1165 551 1231 Thaidem
583 1171 717 1253 rogatur
748 1186 861 1245 senex,
889 1187 946 1251 per
970 1187 1077 1232 senem
1103 1167 1234 1250 nuptiae
1258 1166 1368 1232 oonfir-

169 1280 308 1337 mentur.
333 1272 419 1336 Haeo
442 1294 508 1352 erpo
527 1272 694 1356 artificibus
718 1279 746 1336 et
765 1272 904 1351 eruditis,
925 1279 1021 1337 cetera
1039 1272 1259 1354 spectatoribus
1273 1279 1367 1355 poeto

172 1379 297 1443 cohibet.
324 1437 327 1442 .

212 1486 382 1550 Postrema
416 1483 659 1550 Wessnerus
693 1486 811 1550 merito
847 1483 1009 1550 inclinatis
1046 1482 1165 1548 litteris
1199 1504 1217 1548 a
1249 1483 1367 1548 Donati

170 1590 287 1658 soholio
312 1591 351 1656 de
374 1591 558 1656 oeconomia
582 1589 709 1656 fabulae
732 1592 904 1675 separavit.
928 1589 1054 1654 Mirum
1077 1591 1111 1654 in
1135 1588 1269 1654 modurn
1291 1588 1366 1653 hidi-

171 1703 228 1776 tor‚
264 1717 341 1763 nem
373 1699 403 1762 is
438 1702 503 1775 est,
540 1699 661 1783 opinor,
696 1717 793 1782 quem
828 1696 996 1774 audimus,
1033 1717 1052 1761 a
1087 1696 1363 1781 „spectatoribus”

170 1804 319 1869 distinxit
357 1803 539 1882 „eruditos”
581 1806 602 1868 i.
623 1824 651 1868 e.
683 1805 912 1889 grammaticos
944 1809 975 1867 et
1007 1803 1150 1868 rhetores
1181 1804 1366 1888 posterioris

171 1913 259 1989 aevi,
284 1930 363 1995 quas
385 1916 514 1996 poetam
536 1911 601 1974 iam
626 1915 698 1975 ante
723 1908 832 1975 oeulos
855 1909 1005 1974 habuisse
1028 1909 1138 1974 eredit.
1222 1927 1225 1932 ·

215 2015 265 2080 Ad
304 2015 386 2080 hano
421 2013 584 2080 insolitam
613 2013 872 2101 interpolationis
901 2017 1041 2099 speeiem
1072 2015 1171 2080 refero
1203 2016 1301 2079 etiam
1332 2015 1368 2078 in

172 2123 228 2188 hae
247 2140 376 2187 scaena:
399 2119 442 2184 43
464 2120 539 2198 „sed
558 2125 651 2207 poeta
670 2121 730 2186 hoo
750 2121 838 2206 agit,
859 2140 1010 2206 personae
1022 2121 1189 2186 nesciunt''
1210 2126 1242 2186 et
1262 2117 1304 2184 45
1318 2119 1367 2202 (2)

173 2229 323 2314 „choragi
354 2232 402 2292 est
434 2226 686 2305 administratio,
717 2233 756 2291 ut
779 2232 956 2312 opportune
979 2229 1013 2291 in
1037 2229 1260 2312 proscaenium
1284 2225 1366 2305 (soil.

172 2355 264 2400 senex
294 2333 471 2419 prodeat).’'
507 2331 747 2398 Eiusdemmodi
785 2332 905 2399 soholia
939 2333 1085 2398 Donatus
1119 2339 1299 2419 opportuna
1334 2337 1368 2398 et

173 2439 331 2527 elegantia
353 2439 485 2504 exhibet
506 2460 582 2504 mox
605 2438 645 2504 ad
667 2438 694 2503 V
719 2440 749 2504 5.
764 2435 818 2517 27,
844 2435 873 2505 7.
891 2438 906 2502 l
921 2437 980 2519 (3),
1006 2438 1038 2504 8.
1051 2441 1082 2504 4.

214 2546 296 2611 lbid.
323 2544 366 2611 30
924 2544 1093 2631 Virginem
1116 2547 1215 2611 etiam

168 2689 174 2695 ·
305 2651 375 2717 Seis
400 2671 471 2716 eam
493 2652 567 2716 hino
590 2652 695 2717 civem
719 2647 806 2716 esse?
829 2656 862 2717 et
884 2651 1016 2717 fratrem
1040 2654 1110 2716 eius
1130 2673 1197 2717 esse
1219 2651 1362 2736 adprime

306 2755 450 2823 nobilem

216 2863 297 2930 Don.
322 2862 371 2943 (2)
395 2861 484 2928 Haeo
507 2862 547 2927 ad
569 2866 723 2927 terrorem
742 2861 904 2948 gradatim
922 2867 1017 2929 aueta
1036 2868 1122 2928 sunt.
1192 2861 1366 2948 Supplevit

171 2968 247 3034 dd:
280 2967 365 3033 Nam
397 2970 502 3053 primo
526 2968 741 3053 „virginem'’,
766 2972 838 3052 poet
863 2968 1021 3049 „oivem'’,
1047 2969 1086 3034 ad
1110 2967 1267 3040 ultimum
1293 2991 1367 3046 „no-

172 3073 244 3139 bilis
268 3074 443 3139 sororem''.
468 3071 517 3140 Of.
541 3071 585 3137 IV
610 3069 640 3138 7.
654 3071 696 3137 35
710 3071 758 3153 (5)
782 3094 878 3158 supra
902 3095 933 3159 p.
960 3071 1047 3139 231?

215 3179 296 3245 lbid.
323 3177 366 3243 33
402 3176 587 3265 Conligavit
610 3200 685 3244 eum
709 3180 853 3262 primum
878 3181 1004 3244 miseris
1028 3179 1131 3244 modis

215 3285 314 3351 Don.:
335 3285 421 3349 Mira
441 3284 572 3349 tarditas
591 3284 631 3349 ad
650 3283 867 3369 torquendum
885 3283 1126 3351 Parmenonem.
1198 3283 1366 3368 Sequitur:

173 3389 276 3457 Simul
300 3392 388 3455 enim
409 3388 540 3455 relietue
560 3389 598 3454 ad
620 3389 870 3455 suoourrendum
889 3388 988 3456 loous.
1076 3387 1212 3455 Addidit
1235 3389 1294 3454 hoo
1314 3390 1365 3455 ln·

173 3495 343 3581 terpolator
361 3516 418 3581 per
437 3494 599 3580 prolepsin
618 3494 707 3560 illius
717 3543 725 3574 ,
747 3496 832 3581 quod
852 3494 931 3561 Don.
954 3496 1088 3562 daturus
1108 3502 1175 3562 eret
1188 3495 1227 3560 ad
1239 3517 1286 3561 vs.
1301 3494 1361 3561 35:

173 3602 219 3684 (5)
249 3603 335 3668 Bene
368 3602 565 3680 „minatur'’,
593 3607 631 3666 ut
661 3604 804 3667 suoourri
835 3604 938 3688 possit
968 3605 1015 3681 ei,
1039 3605 1096 3689 qni
1118 3598 1310 3690 non<dum>
1324 3603 1362 3684 1).

173 3711 213 3773 sit
235 3729 358 3794 passus.
409 3706 460 3771 Ad
484 3713 631 3773 nostrum
655 3713 765 3774 autem
790 3729 920 3774 versum
943 3708 1104 3774 adnotatio
1128 3713 1175 3773 est
1198 3712 1317 3792 inepta.

215 3814 295 3880 lbid.
322 3812 365 3878 46
401 3812 516 3878 Dioam
539 3813 615 3878 huie
638 3835 678 3878 an
702 3835 765 3879 non
790 3810 916 3880 dioaml
940 3813 1054 3880 Dioam
1076 3813 1182 3879 herole

216 3919 317 3986 Dom:
341 3920 414 3986 Non
445 3925 527 3985 esset
560 3919 735 3986 verisimile
768 3919 848 4001 (soil.
875 3926 911 3984 ut
933 3923 968 3984 in
991 3942 1025 3985 re
1048 3925 1117 3985 tam
1138 3921 1284 4005 ancipiti)
1305 3921 1368 3984 nisi

174 4026 357 4092 dubitasset.
427 4024 485 4090 Ed.
521 4025 661 4094 addidit:
695 4026 786 4109 Quod
816 4029 904 4092 enim
934 4027 974 4093 ad
1005 4024 1178 4092 Chaeream
1210 4027 1367 4111 pertinet,

172 4153 232 4197 non
259 4131 345 4218 quod
368 4130 408 4195 ad
430 4132 537 4217 ipsum
559 4139 726 4222 pertinet,
751 4135 886 4200 dubitat.
955 4132 1079 4208 Imm0,
1105 4131 1271 4196 dubitabat
1295 4132 1370 4196 Par-

173 4257 264 4302 meno
295 4242 425 4324 propter
454 4257 545 4303 suum
576 4242 756 4328 praecipue
787 4237 985 4326 perieulum,
1018 4242 1056 4302 ut
1083 4237 1197 4302 dooent
1222 4256 1302 4320 qnae
1326 4255 1373 4300 se-

206 4465 232 4529 1)
248 4463 287 4513 Sie
303 4462 393 4514 correxi
408 4476 450 4527 pro
468 4462 554 4514 nnon”.
