3450 5382
655 413 810 464 nonanus.
1270 402 1334 468 113

144 576 257 655 „Sed’'‚
276 583 314 642 ut
335 577 476 645 diximus
492 577 525 659 ¹),
552 582 726 645 transitum
750 581 910 668 significat
932 582 973 647 ad
996 581 1132 648 alteram
1151 606 1219 650 rem
1240 587 1279 650 ab
1299 607 1336 651 ea

142 703 221 768 quae
244 684 413 770 agebatur.

185 787 293 874 Igitur
315 796 491 876 utrumque
515 790 673 858 scholium
697 812 715 856 a
736 791 859 858 Donato
879 793 1030 858 alienum.
1056 794 1162 872 „Sed”
1184 817 1240 882 pro
1258 817 1336 883 ergo

144 896 176 958 in
205 896 254 976 (1)
286 917 343 981 per
375 917 408 961 se
439 895 558 962 falsum
590 903 654 976 est,
688 903 721 963 et
752 897 800 978 (2)
820 905 945 986 pugnat
967 921 1042 965 cum
1067 900 1147 966 Don.
1173 902 1212 967 ed
1237 903 1335 968 Andr.

143 999 175 1064 Il
207 1000 306 1079 1.10,
339 1002 424 1067 unde
454 1008 559 1068 tamen
591 1002 705 1067 Editor
736 1001 923 1090 exemplum
954 1013 1122 1071 mutuatus
1153 1013 1211 1072 est.
1244 1005 1337 1074 (lom-

11 1111 12 1116 ’
145 1112 292 1171 mentum
322 1108 458 1172 vacabat
489 1107 527 1173 de
561 1107 671 1187 „scd'’‚
703 1115 736 1174 et
767 1108 806 1174 ad
831 1110 915 1175 hunc
939 1132 1069 1177 versum
1094 1111 1176 1176 nihil
1195 1113 1337 1178 ‘habebat

144 1217 267 1298 praeter
289 1215 424 1278 initium
448 1214 561 1280 scholii
583 1214 642 1296 (3),
667 1216 760 1280 cuius
783 1221 945 1300 postrema
968 1237 1041 1302 pars
1074 1220 1201 1295 „omnis
1227 1218 1335 1283 enim'’

11 1341 13 1354 ἢ
144 1324 216 1382 cett.
241 1325 309 1383 tam
332 1317 414 1382 false
437 1324 484 1385 est
508 1340 606 1405 qnam
628 1320 777 1406 insipide.

187 1421 306 1508 Aliqua
339 1423 509 1490 difficultas
539 1431 648 1491 manet
678 1429 712 1490 in
743 1426 903 1511 particula
928 1429 1024 1508 „an”‚
1051 1451 1131 1517 qnae
1156 1431 1204 1512 (2)
1227 1433 1337 1519 iungit

145 1549 218 1592 cum
248 1529 307 1610 (1).
343 1529 433 1594 Num
465 1533 570 1617 igitur
599 1531 712 1597 Editor
743 1553 804 1596 non
835 1532 954 1598 Donati
985 1535 1040 1599 sed
1072 1536 1155 1601 alius
1186 1541 1337 1624 magistri

144 1632 262 1700 scholio
283 1636 332 1717 (1)
356 1657 452 1702 suum
476 1636 524 1718 (2)
547 1637 667 1714 adfixit,
690 1659 729 1702 eu
753 1645 929 1724 utrumque
954 1641 992 1704 ab
1012 1662 1049 1707 eo
1069 1643 1253 1726 profectum.
1268 1642 1338 1708 esti

143 1737 228 1804 lllnd
259 1742 316 1806 vix
348 1741 516 1821 credibile,
546 1764 621 1808 nam
652 1765 729 1808 eum
752 1765 878 1831 semper
901 1745 1004 1811 adhuc
1029 1746 1068 1812 ad
1092 1751 1233 1834 genuina
1256 1771 1340 1815 com·

11 1891 12 1896 η
144 1847 245 1908 menti
268 1845 388 1912 scholia
412 1869 444 1912 ee
466 1847 639 1934 applicasse
663 1849 816 1928 vidimus,
839 1853 949 1936 itaque
972 1855 1079 1937 potius
1102 1853 1150 1935 (1)
1175 1860 1207 1920 et
1231 1854 1279 1937 (2)
1299 1855 1339 1920 ad

11 1989 12 2008 1
145 1950 280 2016 eundem
303 1952 449 2018 redeunt.¹

190 2055 270 2121 Ibid.
298 2055 340 2122 17
373 2058 423 2124 lbi
445 2059 624 2144 plurimum
649 2065 697 2125 est

190 2163 238 2246 (5)
269 2163 400 2230 Scilicet
436 2173 564 2252 propter
594 2187 736 2232 amorem
767 2171 878 2234 uxoris
901 2189 986 2234 suae.
1033 2170 1193 2254 Ineptum,
1218 2173 1337 2236 etenim

146 2269 324 2336 affirmatur
346 2272 407 2336 hoe
428 2295 491 2337 non
516 2274 553 2338 de
578 2295 661 2352 sene,
687 2273 742 2338 sed
766 2273 804 2339 de
828 2273 1039 2341 adulescente.

189 2376 270 2440 Ibid.
297 2375 351 2440 24.
385 2377 484 2444 Nulla
507 2385 556 2444 cst
579 2379 661 2444 mihi
684 2382 752 2444 vita
776 2381 951 2466 expetenda
974 2385 1056 2462 (sine
1081 2383 1217 2463 Phanio)

190 2482 237 2563 (1)
263 2481 383 2561 „Nulla
402 2506 458 2569 pro
479 2507 552 2551 non.
612 2486 659 2566 (2)
681 2487 730 2550 An
750 2485 872 2551 nullius
891 2487 1103 2566 condicionis,
1126 2492 1217 2574 quasi
1237 2488 1338 2555 dicet:

146 2608 183 2652 ne
215 2589 348 2654 deorum
376 2592 445 2656 vita
468 2590 598 2674 quidem
621 2590 828 2657 mihidulcis
853 2595 991 2658 estsine
1015 2589 1067 2658 tel
1137 2593 1184 2675 (3)
1207 2593 1339 2660 Scilicet

146 2693 233 2758 nulla
257 2697 328 2761 vita
350 2697 393 2759 sit
416 2697 593 2782 expetenda
615 2699 682 2761 sine
705 2697 841 2762 Phanio.

188 2799 252 2864 Hic
282 2799 426 2866 Donatus
456 2808 505 2867 est
535 2804 591 2886 qui
622 2801 709 2866 dedit
740 2805 789 2883 (1)
820 2809 853 2867 et
884 2802 931 2884 (2)
963 2809 1001 2869 ut
1024 2825 1122 2868 unam
1146 2808 1338 2871 sententiam

33 2939 36 2944 ·
147 2907 413 2991 interrogativam
432 2908 469 2987 ²).
512 2906 599 2972 Illud
643 2907 691 2988 (3)
734 2907 919 2995 magistello
959 2909 1088 2975 cuidam
1122 2911 1338 2976 tribuendam.

149 3012 286 3090 „Nullus
318 3034 376 3098 pro
407 3013 505 3079 non''
540 3015 688 3099 frequens
718 3019 767 3079 est
797 3016 830 3078 in
859 3016 908 3079 his
940 3014 1071 3081 scholiis
1103 3015 1141 3080 de
1172 3038 1234 3101 quo
1265 3017 1339 3082 vide

149 3117 271 3184 Wessn.
295 3121 330 3183 in
354 3140 426 3205 app.
449 3120 489 3184 ad
512 3119 590 3186 Hoc.
614 3120 630 3185 Ι
654 3120 685 3185 2.
699 3121 730 3184 4.
833 3194 838 3202 ,

189 3225 271 3290 Ibid.
298 3223 342 3288 30
377 3224 446 3290 Hoc
470 3224 552 3289 nihil
575 3231 624 3291 est
646 3225 819 3290 Phaedria:
842 3225 932 3290 ilicet

189 3331 271 3396 Don.
296 3336 380 3394 recte
404 3331 452 3412 (2)
479 3331 591 3408 „Hoc”
615 3330 790 3396 relativum
811 3331 954 3411 (=hoc,
975 3331 1059 3416 quod
1081 3330 1185 3414 dicis).
1210 3331 1344 3398 Idemne

145 3438 286 3521 perrexit
308 3455 348 3500 an
371 3436 483 3501 ilditor
506 3439 615 3523 potius
637 3440 671 3501 in
697 3436 761 3518 (3):
786 3439 835 3501 An
857 3436 960 3515 „hoc”
981 3458 1056 3502 cum
1076 3443 1268 3523 contemptu
1287 3458 1344 3522 pro

148 3542 219 3620 „hic
244 3543 386 3626 Antipho
410 3541 492 3607 nihil
513 3542 595 3608 est’'.
627 3541 679 3608 Sic
703 3541 813 3609 Cicero
833 3545 867 3608 in
889 3542 1029 3608 Verrinis
1050 3547 1135 3620 „etsi
1155 3545 1215 3609 hoc
1236 3544 1343 3610 nescio

147 3649 221 3734 quid
244 3654 438 3735 nugatorem
461 3648 621 3714 sciebam”
645 3648 702 3729 (IV
723 3648 776 3727 33,
797 3649 853 3714 uhi
873 3648 969 3714 hodie
988 3648 1052 3737 leg.
1072 3649 1343 3738 „nugatorium’')

147 3777 201 3840 pro
226 3754 368 3834 „hunc”.

189 3861 237 3926 De
273 3859 323 3940 (4)
359 3881 506 3946 „semper
537 3859 668 3939 „ilicet”
700 3861 797 3926 linem
825 3863 876 3927 rei
906 3861 1098 3948 significat’,
1118 3865 1184 3927 iem
1209 3863 1276 3927 dixi
1301 3859 1363 3927 ad

147 3965 228 4032 Eun.
253 3966 268 4030 I
294 3965 429 4046 1.9(3),
461 3967 518 4031 ubi
548 3967 657 4032 eadem
688 3966 893 4052 interpolatio
916 3967 1048 4054 legitur.
1078 3967 1223 4032 Donatus
1247 3965 1343 4034 aliter

149 4072 185 4138 de
209 4074 270 4138 hac
292 4071 431 4138 formula
453 4075 487 4138 in
511 4072 570 4153 (5).

181 4365 207 4428 1)
226 4366 260 4412 De
278 4363 382 4413 formula
399 4368 426 4412 ert
443 4363 547 4413 dicimur
563 4361 627 4411 infra
645 4377 721 4426 agam.

181 4447 208 4512 2)
225 4446 262 4495 Gi
281 4445 346 4495 iufra
362 4446 388 4494 II
407 4446 515 4508 1,5t(1)
531 4445 609 4494 initio.
