3418 5392
370 373 414 440 68
880 391 1045 441 nonanus.

414 553 464 618 Ex
494 553 639 620 eiusdem
669 554 826 622 formulae
858 555 1098 623 definitionibus
1130 557 1265 624 diversis
1296 556 1344 639 (2)
1375 555 1479 637 etti)
1502 555 1567 621 hoo

368 660 508 740 Donato,
528 659 613 725 illud
632 661 700 726 eius
721 661 849 728 aemulo
870 662 1105 750 adsignandum
1123 685 1193 729 esse
1212 685 1307 729 nemo
1317 661 1409 728 facile
1420 662 1565 748 negabit.

414 767 444 830 A
476 763 576 831 schol.
608 765 655 847 (3)
687 772 796 833 antem
829 768 933 834 differt
965 769 1084 835 Donati
1115 769 1259 835 doctrina
1290 768 1331 834 ad
1352 767 1399 834 l.l.
1425 766 1565 833 Andriae

367 872 508 958 prolata:
540 871 626 938 Bene
650 893 708 950 „ea
731 874 770 938 ab
794 873 873 939 illo”
904 875 987 940 dixit
1019 876 1199 953 ‚,iniuria”:
1231 877 1445 941 certissimam
1477 875 1566 939 enim

367 982 493 1044 notavit
526 1000 711 1064 personam,
747 1001 827 1065 quae
863 981 975 1048 debeat
1010 1004 1068 1068 pro
1102 984 1232 1047 iniuriis
1267 1003 1386 1067 poenas
1420 980 1563 1059 solvere3

368 1085 482 1172 quodsi
516 1086 648 1152 dixisset
684 1089 823 1166 „iniuria
857 1090 948 1154 eius”
984 1088 1217 1174 amphiboliam
1249 1089 1395 1165 fecisset,
1431 1093 1562 1152 utrum:

368 1213 464 1278 qnam
488 1211 599 1277 passus
622 1197 671 1258 est
693 1194 732 1258 ab
758 1192 840 1272 alio,
866 1214 923 1260 an:
948 1214 1045 1280 quam
1069 1197 1138 1280 ipse
1161 1193 1233 1260 aliis
1255 1193 1379 1259 intulit.

369 1361 371 1364 .
413 1297 547 1362 Restant
579 1295 704 1364 Donato
733 1298 781 1380 (1)
804 1303 836 1364 et
859 1298 918 1381 (4).
951 1299 1012 1365 His
1036 1299 1149 1365 Editor
1172 1300 1366 1385 interposuit
1389 1297 1436 1379 (2)
1461 1302 1494 1362 et
1515 1295 1564 1378 (3)

367 1406 536 1470 coniuncta
568 1424 623 1489 per
654 1403 743 1481 sed,
773 1406 849 1489 quia
880 1405 1058 1471 secundnm
1082 1405 1130 1486 (2)
1156 1404 1302 1491 vulgaris
1327 1409 1491 1469 structura
1516 1407 1566 1480 est

370 1511 507 1591 „mereri
537 1507 674 1575 alieuius
702 1511 876 1596 gratiam”,
909 1511 977 1576 sed
1001 1511 1069 1577 h.l.
1094 1511 1219 1577 dicatur
1243 1532 1322 1576 mer.
1347 1531 1396 1596 gr.
1421 1511 1468 1575 ab
1494 1508 1568 1574 ali·

368 1636 455 1701 quo.
548 1615 713 1681 Particula
746 1618 898 1695 „autem”
924 1619 958 1682 in
981 1617 1030 1699 (4)
1053 1618 1112 1683 hoo
1137 1616 1298 1683 scholium
1321 1618 1355 1681 in
1381 1621 1566 1681 commento

366 1725 516 1787 iunxerat
539 1739 617 1787 oum
637 1722 695 1803 (l).

412 1829 493 1894 Ibid.
521 1827 562 1892 12
595 1827 746 1894 Oiestus
771 1829 838 1894 dies
863 1827 1023 1895 hominis!
1045 1829 1155 1908 Salve,
1181 1831 1283 1894 amine
1307 1824 1371 1893 mil

413 1935 460 2016 (2)
491 1934 611 1999 Utrum
643 1936 700 2019 qui
723 1955 818 2001 causa
843 1941 892 2000 est
915 1936 989 2004 festi
1013 1957 1048 2001 ao
1071 1935 1150 2001 laeti
1173 1935 1236 1999 diei
1260 1955 1300 2000 an
1324 1935 1379 2019 qui
1402 1934 1473 2018 ipse
1497 1937 1567 1998 tan·

367 2047 420 2108 tus
449 2043 492 2106 sit
523 2046 663 2124 quantus
695 2047 742 2106 est
773 2041 875 2106 fastus
899 2039 988 2105 dies?
1057 2040 1104 2122 (3)
1128 2041 1192 2106 Pro
1217 2040 1335 2118 „h'omo
1359 2039 1433 2103 festi
1457 2037 1564 2117 diei'’;

366 2150 411 2214 sio
442 2147 561 2212 dieitur
591 2147 688 2212 etiam
721 2147 846 2226 „scelus
877 2146 1039 2212 hominia'’
1064 2148 1121 2228 (aio
1145 2145 1300 2211 Wassn.
1325 2165 1382 2230 pro
1409 2143 1564 2222 ,‚homo’',

367 2255 424 2339 qni
454 2259 562 2317 tamen
593 2273 762 2339 perperam
781 2254 858 2319 haee
882 2253 981 2320 verba
1004 2251 1113 2319 inolin.
1138 2251 1203 2317 litt.
1228 2251 1350 2332 edidit).
1375 2249 1499 2317 Ennius
1525 2271 1565 2327 „o

368 2362 469 2446 pietas
493 2356 631 2424 animi1’'

414 2464 558 2530 Donatus
581 2464 753 2550 prudenter
774 2463 969 2531 locutionem
994 2463 1149 2551 exemplis
1172 2461 1351 2530 illustravit
1373 2484 1437 2527 non
1459 2461 1564 2526 hario-

366 2570 486 2637 latione
509 2570 767 2658 semasiologioa‚
793 2576 832 2636 ut
853 2569 903 2635 IP
916 2571 964 2652 (2)
991 2575 1028 2652 )).

412 2675 494 2741 Ibid.
522 2674 562 2739 14
594 2676 684 2742 Ant.
708 2676 810 2742 Narra
832 2679 935 2757 istun,
959 2697 1093 2762 quaeso,
1119 2674 1198 2761 quid
1220 2676 1273 2740 sit.

567 2843 569 2847 .
595 2779 660 2847 Oh.
706 2781 811 2848 Immo
836 2782 941 2849 hercle
963 2783 1092 2848 ohseoro
1118 2787 1148 2847 te
1174 2788 1211 2846 ut
1235 2779 1345 2847 audias

413 2888 460 2968 (l)
485 2887 610 2954 Bonum
633 2887 876 2973 compendium,
896 2910 936 2954 ne
957 2887 1061 2952 multa
1080 2886 1257 2952 diaeretad
1277 2883 1564 2951 commendandam

367 3001 406 3058 ut
435 2993 516 3058 solet
545 2996 759 3060 narrationem
791 2995 946 3060 futuram.
1016 2994 1086 3059 Hoc
1117 2999 1183 3059 est:
1217 2989 1358 3058 Chaerea
1381 2991 1563 3057 auditorem

367 3105 496 3183 repente
518 3101 603 3184 rapit
626 3101 660 3163 in
683 3099 805 3164 medias
829 3121 878 3165 res
900 3102 966 3164 sine
987 3099 1083 3165 solita
1101 3099 1291 3163 narrationis
1311 3097 1564 3181 praeparatione.

368 3204 421 3270 Sia
445 3204 524 3271 Don.
572 3205 622 3270 IP
645 3205 732 3270 idem
756 3205 865 3270 aliter:
897 3206 945 3286 (2)
977 3205 1063 3270 Bene
1088 3203 1225 3270 eontulit
1251 3202 1364 3280 verba,
1389 3206 1428 3266 ut
1451 3223 1492 3266 ex
1515 3202 1565 3265 his

368 3317 518 3396 appareat
549 3311 627 3396 quid
658 3311 772 3393 (Rabb.
798 3311 942 3377 Wessn.:
968 3331 1066 3395 quam
1088 3310 1135 3391 id)
1159 3329 1253 3396 agera
1277 3307 1375 3374 velit:
1400 3306 1458 3372 ille
1483 3307 1564 3372 dixit

370 3416 530 3502 „quaeso”
554 3417 607 3481 hio
630 3417 814 3494 ‚,obseoro'’.
884 3416 934 3481 lP
958 3422 1132 3502 utrumque
1155 3417 1188 3480 in
1212 3413 1386 3480 editionem
1410 3415 1540 3498 recepit.

413 3521 495 3587 ibid.
530 3522 570 3586 15
591 3523 638 3604 (l)
672 3522 751 3588 Don.
785 3526 1006 3608 quaestionem
1019 3520 1046 3603 2)
1077 3527 1192 3588 tractat
1225 3540 1285 3599 „an
1317 3517 1494 3584 vanaimile
1520 3519 1562 3582 sit

369 3629 547 3714 Antiphoni
577 3634 686 3694 notam
718 3649 786 3694 esse
816 3627 994 3694 Thaidem’
1026 3632 1059 3694 et
1088 3633 1183 3713 putat
1212 3627 1310 3691 huius
1340 3625 1462 3694 famam
1486 3643 1561 3690 eum

369 3735 448 3799 seire
473 3754 490 3798 e
513 3733 682 3799 Phaedria.
751 3734 965 3821 Interpolator
988 3740 1114 3800 eontra:
1139 3734 1187 3815 (2)
1211 3730 1391 3798 Verisimile
1414 3738 1464 3796 est
1487 3730 1561 3799 haec

368 3843 448 3906 eoire
473 3840 708 3925 Antiphonem,
741 3842 796 3925 qui
820 3841 897 3906 adeo
922 3843 964 3906 sit
988 3840 1156 3906 familiaris
1181 3837 1350 3906 Chaereae.
1420 3833 1466 3901 At
1492 3855 1561 3902 uero

369 3945 509 4014 Chaerea
532 3945 564 4010 II
587 3945 618 4010 3.
633 3945 676 4011 68
688 3966 734 4031 sq.
758 3949 826 4031 ipse
851 3947 972 4012 fatetur
996 3968 1087 4012 suam
1113 3945 1243 4010 Thaidis
1266 3945 1494 4030 ignorantiam.

373 4143 568 4154 ——-—---

404 4268 431 4333 1)
457 4265 645 4317 Bentleinr
670 4266 813 4333 reprehensa
840 4265 927 4315 Donati
953 4263 1153 4330 interpretatione
1174 4260 1291 4312 annexit:
1320 4261 1357 4312 00
1381 4246 1455 4310 teitus
1471 4258 1559 4318 diano

369 4364 435 4400 mens
452 4350 549 4410 amicus,
567 4349 630 4398 salve
638 4348 663 4398 1³·

403 4432 429 4492 2)
452 4433 567 4482 Werru.
590 4431 615 4480 in
633 4433 698 4483 hem.
719 4434 796 4497 Aspre
813 4448 836 4497 p.
856 4431 888 4480 22
905 4428 1039 4495 suspicatur
1057 4430 1177 4477 Donatm
1195 4425 1332 4476 huiusmodi
1349 4424 1498 4489 quaestiones
1515 4421 1559 4474 at·

367 4515 452 4564 tulisse
468 4530 482 4563 e
498 4514 586 4564 Probo.
