3418 5392
687 387 842 464 nonanus.
1323 363 1363 428 11

224 555 365 642 Tempus
389 561 437 621 est
456 560 493 620 ut
512 576 592 641 quae
611 556 761 642 perhibui
779 555 858 640 ipsis
878 550 1073 618 scholiorum
1093 548 1248 634 exemplis
1260 549 1370 614 ordine

167 663 402 728 demonstrem.
434 661 477 726 lit
509 664 653 747 primum
685 661 815 745 quidem
847 660 931 736 dixi,
964 658 1169 742 repetitiones
1200 677 1274 722 vere
1308 657 1368 722 hoc

167 771 300 834 nomine
324 769 438 854 dignas
460 789 518 833 nec
542 788 729 833 numerosas
753 787 836 845 esee,
861 786 919 830 nec
941 764 1056 830 referre
1081 765 1266 828 continuam
1291 762 1366 827 duo-

167 896 242 939 rum
265 864 435 940 hominum
458 895 588 959 operam
612 867 831 939 commentum
856 871 1106 955 excerpentium,
1131 868 1169 933 de
1190 868 1241 933 his
1261 870 1365 954 igitur

169 983 236 1046 iam
258 982 420 1066 egendum
444 985 502 1046 est.

566 1172 584 1255 ᾖ
608 1169 640 1234 1.
664 1168 972 1253 Repetitiones.

217 1357 454 1442 Repetitiones,
485 1357 517 1420 b.
540 1376 566 1420 e.
598 1353 721 1420 scholia
753 1374 880 1438 prorsus
912 1341 1042 1434 similia,
1067 1355 1250 1418 rarissimae
1274 1358 1369 1430 sunt,

166 1465 221 1530 sed
254 1466 352 1529 etiam
383 1463 447 1528 fere
478 1461 599 1527 similia
629 1463 707 1527 satis
737 1481 816 1524 rara.
849 1459 1019 1544 Leguntur
1048 1463 1104 1522 aut
1127 1458 1205 1523 locis
1230 1459 1364 1523 diversis

165 1575 222 1636 aut
246 1569 286 1633 ad
309 1568 448 1634 eundem
472 1589 616 1656 versum.
644 1566 733 1631 Dabo
758 1586 837 1650 quae
861 1567 987 1651 repperi
1011 1567 1044 1629 in
1069 1567 1218 1630 omnium
1242 1563 1366 1630 sabula·

166 1697 244 1741 rum
268 1677 509 1740 commentariis
524 1671 558 1750 ¹).

214 1900 242 1944 a.
270 1879 359 1942 Ilocr'a
382 1878 521 1944 diversio.

213 2061 335 2126 Andr.
366 2060 382 2125 Ι
416 2061 445 2125 1.
460 2060 500 2125 81
517 2060 564 2140 (1)
595 2060 696 2126 Dom:
731 2059 884 2136 „Funus”
908 2065 957 2124 est
979 2079 1097 2146 pompa
1121 2060 1364 2144 exsequiarum,

167 2167 291 2232 dictum
311 2188 329 2232 a
349 2165 530 2232 funalibus:
556 2169 676 2232 etenim
700 2173 793 2231 nocte
816 2165 1025 2231 efferebantur
1048 2170 1179 2250 propter
1203 2185 1367 2230 sacrorum

168 2272 418 2338 celebrationem
449 2273 608 2337 diurnam.
701 2271 754 2336 Sic
783 2271 936 2338 Donatus.
969 2272 1055 2337 Hinc
1087 2274 1236 2357 magistri
1261 2270 1304 2336 88
1318 2271 1366 2352 (l)

172 2383 227 2457 „in
258 2378 376 2444 funus''
409 2381 442 2443 in
475 2400 628 2465 pompam
660 2381 894 2464 exsequiarum.
924 2378 975 2459 (2)
1002 2379 1030 2442 A
1056 2377 1218 2443 funalibus
1242 2378 1366 2442 dictum

171 2491 236 2561 est,
269 2485 303 2550 id
335 2489 384 2550 est
415 2486 505 2550 uncis
537 2490 569 2550 et
600 2483 719 2549 aculeis
743 2484 1004 2549 candelabrorum
1028 2505 1054 2548 e.
1068 2505 1098 2568 q.
1112 2505 1136 2548 e.
1240 2483 1366 2562 100(2)

171 2590 311 2668 „funus”
343 2612 361 2656 a
391 2589 554 2656 funalibus
586 2590 709 2656 dictum
739 2596 803 2669 est,
839 2596 877 2656 ut
909 2611 1005 2676 supra
1036 2593 1222 2656 notavimus
1230 2611 1238 2668 ;
1264 2596 1296 2655 et
1320 2595 1368 2654 eet

171 2689 310 2776 „funus”
335 2718 453 2783 pompa
471 2699 704 2782 exsequiarum.
1099 2705 1100 2710 ’

153 2873 156 2878 ,
217 2804 297 2869 Vide
330 2825 410 2889 quae
448 2804 486 2870 de
516 2804 566 2868 his
596 2805 759 2888 disputavi
783 2805 906 2870 Mnem.
932 2803 1059 2869 XXXII
1082 2827 1113 2890 p.
1139 2802 1204 2870 295
1229 2809 1261 2868 et
1286 2802 1306 2867 3
1331 2802 1362 2867 0.

171 2914 277 2979 Prava
308 2911 473 2978 derivatio
494 2914 528 2975 in
559 2909 602 2975 88
614 2910 663 2990 (2)
694 2909 851 2976 reddenda
883 2916 931 2976 eet
958 2910 1019 2990 IP,
1044 2918 1077 2975 et
1100 2911 1214 2986 eidem,
1239 2911 1361 2995 opinor,
1452 2905 1454 2908 ’

172 3017 237 3083 100
249 3018 298 3102 (2)
329 3018 425 3081 funus
527 3019 723 3081 notavimus.
815 3016 951 3101 Reliqua
975 3019 1111 3102 repetita
1134 3022 1211 3081 sunt
1234 3037 1253 3080 a
1277 3036 1363 3100 mag.

173 3145 345 3296 mllodlld
377 3230 537 3295 Amabant
564 3234 687 3294 veteres
719 3229 757 3294 de
787 3232 934 3314 proximo
966 3228 1088 3294 similia
1117 3227 1220 3293 dicere
1334 3233 1368 3291 et

173 3337 304 3422 quidem
329 3337 356 3401 si
378 3337 412 3399 in
436 3335 543 3400 verbis
566 3340 657 3411 sunt,
678 3335 831 3412 παρόμοιοι
848 3336 1012 3411 dicuntur,
1027 3337 1102 3410 (εἰ)
1119 3335 1153 3397 in
1172 3332 1366 3408 nominibus,

174 3442 411 3521 παρονομασίαι.
492 3438 545 3504 Sic
568 3439 606 3504 D.
632 3440 717 3505 Hinc
741 3443 907 3527 magistri:
933 3438 999 3505 15.
1015 3437 1033 3504 7
1047 3439 1094 3519 (3)
1114 3439 1278 3518 παρόμοιον
1298 3436 1364 3518 (D).

171 3572 240 3613 ream
270 3547 406 3633 quotieas
437 3545 526 3609 verbo
556 3552 637 3622 aaut,
670 3547 785 3624 παρόα.
810 3547 933 3624 dicitur,
958 3545 1092 3631 quotieas
1114 3546 1234 3608 aomina
1258 3542 1363 3623 παρόν.

173 3655 236 3734 (W.
262 3659 359 3734 curs.)
389 3656 423 3716 et
452 3649 497 3715 IV
521 3650 551 3717 4.
567 3650 608 3717 37
621 3650 670 3732 (2)
695 3651 733 3717 de
756 3655 901 3737 proximo
925 3652 1088 3731 παρόμοιον
1112 3652 1263 3738 repetivit
1287 3649 1365 3735 (D.).

171 3761 289 3846 quondo
311 3758 433 3822 commo
454 3764 533 3837 ruat,
555 3762 786 3837 παρονομασία,
807 3760 926 3842 quondo
945 3758 1033 3822 cerba
1051 3757 1215 3838 παρόμοιον
1234 3757 1362 3820 dicitur.

174 3866 236 3946 (W.
263 3871 360 3942 curs.)

216 3969 248 4035 ll
272 3969 303 4034 3.
318 3971 337 4034 9
351 3969 398 4049 (l)
432 3967 559 4046 „Cedo”
592 3968 765 4056 singularis
791 3975 1034 4048 numerasset,
1061 3967 1185 4047 „cette”
1211 3964 1363 4051 pluralis,

172 4083 210 4142 ut
233 4075 348 4141 salve
372 4075 548 4141 salvete.
568 4074 652 4150 Don.
749 4074 850 4156 15(1)
876 4075 994 4152 „cedo”
1020 4073 1193 4159 singularis
1218 4079 1365 4151 tantum,

175 4183 299 4260 „cette”
325 4181 469 4266 pluralis.
495 4182 585 4269 Mag.

220 4288 252 4353 ΙΙ
279 4287 310 4352 6.
326 4287 367 4353 12
381 4285 430 4368 (3)
461 4288 546 4353 Mire
577 4289 630 4353 hic
661 4290 766 4353 utitur
798 4291 882 4352 senis
913 4288 1037 4353 verbis:
1070 4289 1138 4372 ipse
1162 4291 1248 4352 enim
1273 4308 1370 4373 supra

207 4503 234 4567 1)
251 4501 317 4551 Fieri
333 4504 411 4566 potest
429 4504 455 4552 ut
473 4501 588 4564 quaedem
604 4516 642 4551 me
655 4500 769 4564 fugerint,
787 4500 827 4549 sed
845 4498 994 4562 pergravia,
1012 4500 1106 4566 opinor,
1123 4516 1166 4550 neo
1183 4499 1277 4550 multe.¹
