3418 5392
659 385 818 437 nonanus.
1297 367 1339 442 69

183 551 230 617 lb.
259 548 301 617 17
335 551 421 632 Quid
443 553 511 617 eius
536 553 596 617 tibi
620 553 734 618 faciem
759 550 940 638 praedicem
964 557 1021 619 aut
1044 549 1172 617 laudem

184 658 374 724 Differentia
399 657 515 724 Donati
535 660 600 740 (l):
625 658 928 724 Praedicamus
952 663 989 722 nt
1013 664 1088 723 sunt
1111 680 1178 738 res,
1202 658 1339 725 lauda·

138 785 227 830 mus
250 763 452 830 extollimus.
499 765 640 830 ilditoris
660 765 725 846 (2);
746 762 801 830 vel
821 764 1119 849 praedicamus
1140 787 1234 846 voce,
1258 766 1339 832 lau·

140 871 282 936 damus
306 874 518 958 argumentis.

184 975 265 1042 Ibid.
291 976 335 1043 23
368 979 458 1043 Ant.
483 977 566 1057 Quid
587 977 621 1041 id
644 974 715 1042 eati
749 973 817 1043 Oh.
842 976 972 1042 Tacitus
995 978 1091 1042 citius
1114 977 1225 1044 audies

183 1082 284 1148 Don.:
316 1083 364 1164 (l)
388 1082 556 1149 Moraliter
571 1081 594 1163 ¹)
602 1104 610 1163 ;
636 1081 779 1148 solemus
804 1084 963 1168 corripere
988 1089 1078 1150 extra
1103 1083 1247 1148 ordinem
1271 1105 1337 1170 per·

137 1191 321 1266 contentos,
353 1189 402 1270 (2)
433 1194 465 1255 st
494 1190 573 1254 bane
596 1187 794 1255 celeritatem
819 1189 985 1273 promisit,
1010 1210 1071 1274 qua
1096 1187 1189 1254 facile
1212 1195 1339 1256 tenetur

137 1293 277 1360 auditor.

183 1399 316 1466 Editor:
341 1399 390 1481 (3)
413 1399 455 1464 llt
478 1401 578 1478 mire,
602 1405 769 1485 tamquam
794 1397 861 1465 sola
884 1401 1095 1486 interrogatio
1118 1421 1226 1466 morae
1250 1403 1302 1466 sit.

183 1505 265 1570 Ibid.
292 1505 334 1571 39
368 1505 502 1570 [roserat
524 1508 591 1570 iam
614 1505 692 1570 olim
716 1504 773 1569 ille
797 1504 914 1571 ludum

183 1611 296 1693 ΙΡ(1)
328 1611 414 1677 Bane
443 1632 505 1676 non
541 1609 687 1689 „scelus”
719 1611 813 1676 dixit.
885 1609 965 1676 Don.
1001 1609 1045 1675 38
1057 1611 1105 1692 (2)
1135 1611 1180 1676 Ut
1213 1613 1336 1690 ‚‚bunc,

138 1739 212 1797 oro,
247 1719 316 1782 sine
348 1738 401 1783 me
431 1718 535 1783 furere
567 1722 640 1782 ante
664 1715 827 1804 furorcm’'
852 1717 944 1796 (Aen.
975 1715 1026 1781 12.
1041 1716 1135 1798 680);
1161 1716 1264 1803 ligura
1288 1719 1338 1798 cip·

139 1824 292 1906 χαισμός.

182 1930 264 1996 Ibid.
290 1929 335 1996 40

206 2035 312 2101 Deum
337 2056 370 2101 se
393 2037 428 2100 in
451 2037 616 2101 hominem
640 2036 832 2101 convertisse
858 2039 954 2120 atque
977 2036 1012 2099 in
1036 2034 1155 2100 alienae
1178 2034 1305 2122 tegulas

207 2141 339 2208 Venisse
362 2140 545 2207 clanculum
569 2162 624 2226 per
647 2141 847 2227 impluvium
872 2141 983 2206 fucum
1008 2141 1129 2206 factum
1155 2141 1284 2207 mulieri

183 2249 231 2332 (2)
263 2248 327 2314 Hic
358 2254 490 2334 apparet
512 2250 685 2333 seperatim
708 2248 836 2330 lovem,
862 2249 1034 2332 separatim
1057 2250 1127 2313 auri
1151 2247 1250 2314 foisse
1273 2250 1336 2335 pic

138 2359 257 2420 turam.
320 2351 369 2435 (3)
397 2353 454 2430 „ln
474 2353 660 2419 hominem”
682 2358 795 2418 utrum
812 2355 889 2437 quia
907 2353 1054 2438 luppiter
1073 2353 1213 2419 humana
1232 2354 1335 2420 forma

137 2480 254 2525 aurum
286 2458 457 2524 infundens
486 2461 591 2544 pictus
621 2463 689 2525 orat
716 2461 752 2523 in
776 2457 904 2536 tabula,
928 2480 991 2525 non
1014 2480 1073 2544 pro
1096 2459 1172 2525 lore
1196 2459 1334 2526 aurum?

138 2587 178 2631 an
202 2568 258 2643 ,in
281 2564 469 2630 hominem”
493 2564 526 2629 id
550 2570 599 2630 est
620 2567 655 2629 in
678 2565 818 2629 hominis
842 2563 1007 2629 audaciam
1033 2571 1137 2650 atque.
1152 2563 1296 2651 flagitia?

183 2670 231 2737 Da
261 2669 401 2736 lectione
433 2672 487 2748 „in
518 2669 704 2736 hominem”
738 2676 771 2735 et
804 2691 882 2755 „per
911 2669 1133 2756 impluvium'’
1166 2675 1238 2736 tum
1262 2693 1333 2738 con·

136 2778 258 2856 stabat,
283 2783 321 2842 ut
345 2776 438 2843 hodie
461 2781 603 2854 constat,
627 2779 654 2842 si
678 2775 834 2841 Bembino
855 2795 966 2840 aurem
984 2776 1174 2862 praebemus
1188 2775 1214 2859 ²)
1221 2799 1230 2858 ;
1252 2799 1333 2864 quae

135 2881 232 2948 lectio
262 2903 358 2968 quem
390 2882 580 2968 scrupulum
602 2883 743 2948 moverit
766 2881 916 2946 audimus
940 2883 973 2945 in
997 2880 1146 2961 scholiis,
1172 2883 1255 2949 unde
1279 2906 1332 2950 na·

136 2995 208 3053 tum
243 2994 292 3053 est
326 2987 466 3053 altorum
495 2988 773 3076 interpretamenti
803 3007 956 3052 conamen
987 2987 1026 3052 ab
1057 2989 1128 3072 ipso
1157 2987 1248 3055 Aelio
1278 2989 1332 3056 vel

136 3101 265 3159 auctore
288 3095 359 3158 eius
382 3093 503 3158 factum
528 3095 585 3170 „in
608 3093 748 3158 hominis
771 3091 844 3158 aud.
870 3113 898 3157 a.
923 3091 978 3157 fl.”

179 3197 404 3284 Interpolator,
434 3204 472 3264 ut
495 3218 605 3284 saepe,
629 3199 685 3264 ubi
709 3197 791 3263 Don.
816 3197 1003 3276 dubitabat,
1028 3198 1155 3270 fortiter
1178 3202 1332 3284 quaestio

136 3327 209 3371 nem
232 3304 365 3369 diremit
387 3306 421 3368 in
446 3303 504 3387 (2).

180 3411 262 3476 lbid.
287 3410 331 3475 42
364 3410 427 3490 Qui
448 3410 570 3496 templa
593 3409 672 3477 caeli
695 3431 824 3476 summa
847 3411 954 3475 sonitu
978 3413 1122 3476 concutit

179 3516 261 3582 Don.
293 3515 343 3597 (3)
369 3516 501 3582 Parodia
525 3517 562 3581 de
586 3515 698 3582 Ennio.
768 3515 826 3581 ud.
853 3514 901 3597 (3)
926 3514 1077 3602 Tragice,
1100 3514 1155 3582 sod
1180 3515 1218 3582 de
1241 3517 1332 3582 indu-

138 3625 231 3703 stria,
257 3644 320 3688 non
345 3644 461 3688 errore.
1278 3691 1281 3695 ,

181 3728 264 3795 Ibid.
290 3726 333 3795 47
370 3726 454 3814 (lape
477 3728 536 3794 hoc
561 3727 740 3806 flabellum,
765 3727 937 3794 ventulum
960 3728 1036 3794 huic
1061 3730 1106 3794 sic
1129 3728 1226 3794 facito

182 3833 266 3900 Don.
300 3834 349 3915 (1)
381 3833 545 3900 Praeclare
575 3856 637 3899 uon
667 3854 796 3899 sensum
829 3833 884 3898 sed
908 3833 1005 3900 verba
1028 3835 1177 3921 ipseper
1200 3835 1331 3912 μίμησιν

143 3940 290 4019 induxit,
326 3961 383 4025 per
417 3961 515 4026 quam
550 3962 637 4006 error
671 3939 823 4026 puellaris
858 3941 1062 4025 exprimitur.
1143 3939 1229 4005 Hinc
1263 3944 1332 4005 orta

169 4183 194 4244 l)
212 4183 232 4232 1.
243 4197 264 4231 e.
282 4178 377 4242 ἢθικῦς.
394 4178 434 4231 sic
450 4178 543 4228 correxi
561 4195 605 4244 pro
624 4177 792 4244 ‚morantem'’
809 4179 873 4243 quod
890 4177 1009 4228 sententia
1026 4176 1169 4242 refragetur.

168 4266 195 4329 2)
221 4261 532 4314 lientleinsconiecit
556 4261 605 4310 ‚in
628 4259 766 4311 aarom”
785 4261 824 4310 vel
850 4261 898 4310 -io
920 4259 1145 4326 pretium’'‚et
1165 4277 1240 4327 uper
1261 4262 1331 4327 plu·

136 4345 253 4406 viam”;
273 4346 319 4395 boc
336 4359 413 4409 nuper
430 4343 541 4408 probavit
558 4359 620 4393 van
639 4345 804 4393 Leeuwen
825 4344 917 4393 Mnem.
936 4340 1038 4392 XXXIV
1053 4358 1077 4406 p.
1094 4342 1152 4402 306,
1169 4344 1209 4392 aed
1226 4359 1270 4409 pro
1291 4345 1330 4394 nin

136 4426 272 4478 hominem”
292 4425 396 4476 coniecit
414 4425 462 4475 niu
485 4423 654 4486 imbrem”,
672 4426 734 4494 quod
752 4425 799 4478 iem
816 4423 923 4475 Fabia
940 4423 1072 4492 auspicatus
1089 4427 1140 4474 eret
1158 4431 1181 4476 et
1198 4425 1288 4494 recepit
1304 4425 1329 4478 iu

136 4509 270 4561 aditionem
288 4524 311 4562 a.
330 4509 402 4561 isat.
