3418 5392
361 363 407 428 48
881 375 1038 426 nonanus.

360 548 534 623 rationem;
558 544 741 623 „subiecta”
766 547 875 608 antem
895 563 977 628 qnae
993 542 1215 628 probationem
1234 544 1451 621 exhibebunt,
1474 543 1551 610 nihil

362 659 438 718 snut
466 653 528 715 niei
550 652 665 716 iterata
690 650 869 714 observatio
893 650 926 714 in
950 647 1008 728 (4),
1032 651 1065 712 in
1090 669 1153 733 qua
1176 647 1280 715 denno
1303 649 1460 714 habemns
1483 649 1554 714 lldi-

362 760 439 823 toris
464 755 545 821 illud
571 761 629 832 „ut
652 753 826 819 diximne'’.
852 751 915 831 (Of.
940 774 1036 839 supra
1056 775 1086 838 p.
1111 752 1175 834 15).
1428 754 1461 820 S.
1484 777 1510 820 c.

408 862 487 928 lbid.
513 861 554 925 15
581 860 631 924 Ita
654 882 784 945 prorsus
807 881 878 925 sum
904 860 1023 926 oblitus
1048 862 1113 925 mei

409 969 458 1052 (3)
484 966 677 1046 „Proteum”
702 967 735 1031 id
759 973 807 1032 eet
830 974 907 1031 necte
931 967 979 1031 nel
996 966 1103 1046 (Sabb.
1123 972 1156 1032 et
1171 967 1294 1033 Weesn.
1315 973 1357 1048 c.)
1377 970 1553 1035 omnino.

364 1115 406 1128 -
439 1077 488 1154 (4)
511 1075 593 1140 Nam
618 1073 808 1159 „prorsum”
833 1080 881 1138 eet
904 1095 1027 1159 porro
1050 1095 1235 1152 versum,
1259 1074 1292 1139 id
1316 1081 1364 1140 est
1387 1081 1461 1140 ante
1486 1096 1554 1141 ver-

362 1202 452 1261 snm;
480 1217 521 1228 -
546 1180 619 1243 hinc
648 1186 680 1243 et
703 1199 824 1263 prosa
849 1181 1008 1255 oratio,
1032 1199 1128 1263 quam
1153 1201 1214 1245 non
1237 1179 1362 1246 inflexit
1386 1180 1552 1245 cantilena.

407 1287 444 1351 In
475 1287 523 1367 (4)
553 1287 754 1350 causativum
786 1308 852 1348 nam
876 1306 940 1349 non
965 1287 1072 1349 minus
1097 1288 1243 1371 ineptum
1268 1293 1317 1352 eet
1341 1307 1437 1371 quam
1462 1285 1555 1352 modo

362 1394 602 1460 adversativum
624 1391 692 1468 acd3
726 1397 759 1455 et
782 1391 859 1476 qnid
885 1390 1046 1476 significat
1071 1400 1165 1468 „ante
1191 1390 1366 1457 versnm'’l
1458 1392 1508 1457 IP
1537 1413 1553 1457 e

362 1501 518 1565 memoria
537 1496 740 1585 negligenter
760 1495 898 1561 reddidit
911 1496 992 1562 Don.
1013 1496 1052 1562 ad
1073 1497 1172 1561 Andr.
1189 1497 1280 1562 1112.
1295 1496 1357 1562 30:
1382 1495 1552 1583 „prorsus”

362 1609 452 1693 qnasi
482 1624 573 1690 porro
607 1623 734 1680 verene,
768 1602 852 1688 qnod
885 1602 999 1668 Graeci
1028 1603 1139 1668 dicunt
1163 1604 1297 1682 acaprio.
1323 1604 1382 1668 Ad.
1408 1603 1423 1668 l
1451 1603 1552 1669 1.46:

363 1711 533 1790 „rursum”
559 1714 590 1774 et
614 1714 698 1774 retro
724 1729 854 1774 versum
879 1715 918 1773 nt
944 1709 1134 1793 „prorsum”
1159 1731 1252 1794 porro
1276 1731 1417 1774 versum.

408 1818 455 1882 De
486 1835 608 1902 prosa
639 1813 831 1880 Isidorus
863 1815 952 1901 Orig.
985 1814 1111 1881 137.1
1147 1815 1297 1893 „Prusa
1327 1822 1376 1880 est
1400 1815 1554 1901 producta

362 1927 481 2001 oratio,
513 1943 531 1986 a
561 1920 634 2008 lege
665 1923 761 1985 metri
793 1919 907 1986 soluta.
940 1922 1078 1986 Prosnm
1101 1923 1188 1986 enim
1213 1923 1338 2007 antiqui
1362 1921 1554 2006 productum

361 2030 508 2095 dicebant
539 2033 571 2092 et
601 2032 725 2091 rectum
742 2024 776 2104 ¹),
808 2026 892 2091 unde
923 2029 968 2092 ait
1000 2025 1099 2091 Varro
1130 2027 1212 2112 apud
1237 2026 1392 2092 Plautum
1416 2029 1556 2112 prosis

362 2136 490 2201 lectis
513 2133 687 2219 significari
709 2134 820 2216 rectis3
845 2133 929 2198 unde
953 2135 1052 2197 etiam
1076 2153 1157 2217 qnae
1180 2138 1316 2202 nonest
1338 2131 1478 2218 perflexa
1502 2156 1558 2197 nn·

362 2262 450 2306 mero
481 2239 535 2304 eed
560 2247 661 2313 recta,
686 2258 779 2322 prosa
803 2241 903 2304 oratio
927 2238 1054 2314 dicitnr,
1079 2240 1112 2302 in
1137 2248 1260 2303 rectum
1281 2238 1506 2324 producenda”
1521 2237 1556 2318 ²).

349 2346 478 2416 ,Saba
500 2345 548 2423 (4)
569 2348 672 2409 totum
692 2343 916 2429 interpolatori
935 2346 1123 2430 imputavit,
1137 2365 1197 2430 ego
1210 2365 1290 2430 qnae
1302 2343 1429 2409 lineolis
1442 2347 1555 2431 saepsi.

408 2450 488 2517 lbid.
516 2449 557 2514 16
588 2451 698 2527 Nunc,
723 2449 897 2527 Permane,
922 2457 954 2516 te
977 2451 1150 2516 ostenderis
1174 2453 1229 2535 qni
1253 2453 1387 2515 virales

409 2557 457 2637 (2)
477 2556 548 2621 Non
570 2559 647 2641 „qni
667 2558 749 2621 siee''
770 2557 840 2636 sed,
861 2557 945 2643 qnod
966 2565 1013 2622 est
1027 2558 1287 2636 ἐμφατικῶτερον,
1307 2559 1384 2642 „qui
1396 2560 1447 2622 vir
1459 2557 1554 2622 sies''.

351 2715 355 2720 .
409 2664 457 2744 (4)
487 2663 529 2728 nt
559 2662 652 2740 „vir”
684 2663 778 2728 modo
809 2685 872 2729 non
904 2663 943 2728 nd
968 2685 1080 2728 sexum
1105 2663 1158 2730 vel
1183 2669 1322 2732 aetatem
1346 2665 1475 2742 dicitnr,
1502 2662 1556 2730 sed
1681 2735 1682 2750 χ

363 2772 402 2838 ad
426 2770 565 2835 laudem.

408 2875 599 2942 Sabbadinio
624 2875 684 2940 hoc
708 2882 892 2960 suspectum
918 2877 996 2952 fnit,
1022 2877 1104 2941 mihi
1128 2879 1226 2942 etiam
1251 2874 1351 2951 illud,
1376 2895 1452 2940 nam
1481 2879 1557 2962 „qni

252 3060 256 3070 q
349 2982 446 3053 ,eiee”
472 2988 503 3047 et
528 2983 605 3067 „qni
629 2984 680 3045 vir
702 2981 784 3046 eiee'’
809 3003 872 3047 non
896 2982 1040 3066 emphasi
1065 2982 1214 3047 differunt
1237 2982 1292 3047 sed
1314 2980 1555 3068 significatione,

362 3089 454 3155 velut
476 3087 573 3153 Andr.
594 3086 660 3152 586
682 3087 830 3163 „tandem
851 3090 996 3173 cognosti
1017 3091 1072 3173 qui
1092 3089 1193 3154 siem”
1214 3089 1308 3152 unice
1327 3086 1427 3164 decet,
1449 3091 1556 3153 contra

362 3196 444 3261 Elun.
477 3193 520 3258 66
554 3195 690 3270 „sentiet
721 3195 776 3278 qni
807 3195 859 3257 vir
891 3192 1006 3257 siem’'.
1098 3191 1224 3256 lnsulea
1255 3191 1419 3258 adnotatio
1450 3191 1501 3270 (4)
1523 3195 1554 3256 in

362 3304 551 3369 memoriam
584 3306 726 3376 revocat,
759 3321 840 3384 quae
871 3298 1015 3364 Donatus
1047 3298 1212 3364 adnotavit
1242 3298 1281 3363 ad
1310 3296 1554 3362 eudaliae

363 3457 381 3486 ,‚
395 3406 488 3487 „vir”
521 3408 606 3471 euim
638 3405 732 3470 modo
763 3405 802 3469 ad
835 3406 1104 3490 vituperationem
1136 3426 1210 3470 cum
1241 3405 1360 3482 ironia,
1392 3404 1488 3469 modo
1518 3404 1554 3468 ad

362 3513 492 3579 laudem
526 3513 668 3576 sumitur
699 3513 814 3586 <eine>
845 3511 980 3587 ironia”,
1016 3517 1048 3576 et
1081 3511 1142 3575 Ad.
1172 3509 1216 3575 IV
1240 3509 1328 3576 aab
1362 3511 1494 3587 „vinnm
1522 3515 1553 3574 te

362 3617 490 3686 iudico’'
522 3618 628 3701 iuquit
651 3638 710 3682 non
738 3614 1075 3693 „adnlescentnlnm”:
1100 3617 1160 3683 hnc
1185 3619 1270 3682 enim
1296 3616 1336 3682 ad
1359 3623 1500 3683 aetatem
1524 3621 1554 3681 et

363 3725 555 3812 probitatem
580 3744 640 3787 non
665 3722 703 3787 ad
728 3743 840 3786 sexum
864 3722 1032 3788 refertnr”.

408 3829 488 3896 Ibid.
513 3828 557 3894 20
591 3827 640 3909 (2)
666 3827 757 3905 „Hoc
781 3827 887 3894 hercle
910 3828 1032 3894 factum
1056 3827 1125 3893 est’¹
1150 3831 1261 3894 inveni
1285 3828 1368 3914 qnod
1392 3849 1499 3893 amem

362 3937 415 4003 Sic
442 3938 583 4002 breviter
607 3933 687 3999 Don.
712 3935 764 4010 (cf.
785 3956 832 3998 ve.
860 3933 924 4015 17).
1017 3933 1068 3998 IP
1087 3933 1173 3999 idem
1199 3933 1386 4018 ampliavit:
1411 3932 1460 4013 (3)
1484 3934 1553 3998 Hoc

363 4042 448 4128 quud
469 4041 610 4116 dicebas,
631 4042 753 4125 inquit,
775 4060 881 4105 morae
902 4060 985 4116 esee,
1006 4041 1071 4104 iam
1093 4039 1213 4105 factum
1235 4044 1300 4104 est:
1322 4060 1404 4104 amo.
1453 4038 1487 4104 S.
1505 4061 1531 4104 c.

408 4147 489 4213 ibid.
510 4146 552 4211 21
585 4146 647 4211 Fac
667 4149 711 4211 sie
730 4167 815 4210 nnnc
834 4146 990 4231 promissa
1008 4152 1190 4231 appareant.
1220 4145 1296 4211 Sive
1309 4144 1334 4226 3)
1360 4145 1438 4210 adeo
1458 4145 1555 4233 digna
1670 4220 1675 4245 Ι

362 4275 413 4320 ree
436 4259 485 4320 est
508 4254 564 4318 nbi
587 4257 624 4318 tu
646 4274 760 4318 nervoe
783 4251 929 4318 intendas
953 4258 1025 4316 tuos

398 4424 425 4486 1)
443 4422 509 4472 Hinc
525 4420 679 4486 interpolatio
696 4420 722 4470 in
738 4422 781 4482 (8).
921 4419 947 4480 2)
967 4417 1079 4466 Extrema
1097 4419 1239 4482 repetuntur
1257 4415 1281 4465 in
1299 4415 1374 4465 Gloes.
1394 4414 1414 4463 V
1431 4415 1488 4468 ele.
1499 4417 1539 4466 62.

329 4551 331 4558 .
397 4506 425 4572 8)
442 4505 516 4554 codd.
535 4503 621 4555 babent
638 4504 675 4553 ei.
695 4502 819 4553 Dziatzlroz
841 4497 1109 4552 ‚natadeo”.1lleck.
1130 4500 1209 4570 Umpl.
1230 4497 1285 4548 rub.
1308 4497 1371 4548 ‚Sic
1388 4497 1473 4548 adeo’¹.
