3450 5382
718 357 876 407 nonsrrs.
1322 339 1387 406 183

192 525 295 592 Schol.
328 526 408 591 Dan.
441 526 481 590 ad
511 524 554 589 IV
589 524 652 594 127
685 532 850 601 auctorem
880 527 982 590 citant
1011 523 1198 591 Cornelium
1228 525 1386 608 Balbum,

192 634 366 709 minorem,
404 637 440 696 ut
476 632 616 709 videtur,
651 630 795 698 Caesaris
830 628 1005 717 aequalem.
1040 630 1193 697 Libenter
1226 633 1387 699 credimus

191 733 340 822 pleraque
360 738 546 803 huiusmodi
566 737 605 802 ad
626 737 800 804 Varronem
823 737 999 803 revocanda
1022 758 1109 816 esse,
1134 739 1190 823 qui
1212 737 1328 804 saltem
1352 742 1386 805 in

191 843 371 929 Menippeis
395 843 502 924 (Riese
527 865 557 929 p.
585 843 663 925 104)
683 844 742 910 hoc
762 865 882 909 numen
903 846 1168 909 commemorarit
1182 843 1217 927 1).
1242 844 1386 911 Donatus

189 955 296 1015 autam
321 948 400 1015 talia
423 953 480 1018 vix
503 950 618 1015 babuit
641 972 658 1015 e
682 952 912 1016 commentario
937 949 1093 1035 quodam,
1119 950 1173 1016 scd
1197 949 1335 1017 aliunde.

236 1054 263 1119 V
287 1054 374 1120 &15
412 1057 504 1122 Anno
529 1056 661 1122 demum
685 1059 797 1142 quinto
821 1063 854 1122 et
877 1058 1076 1142 sexagesimo

235 1159 283 1239 (3)
308 1159 396 1225 Haeo
419 1166 505 1225 aetas
529 1169 594 1239 est,
620 1168 657 1226 ut
680 1161 778 1227 Varro
803 1163 865 1239 ait,
891 1163 990 1226 etiam
1014 1163 1210 1226 comicorum
1235 1183 1360 1229 senum.

235 1266 314 1332 Ibid.
339 1265 382 1333 29
395 1266 444 1345 (3)
470 1267 654 1346 „Verbum”
680 1269 764 1333 dixit
788 1289 899 1335 veram
922 1270 1132 1347 sententiam,
1158 1291 1232 1335 nam
1259 1272 1385 1337 verba

189 1375 417 1439 averitate
441 1375 525 1440 dicta
548 1396 615 1441 csse
641 1377 731 1441 tastis
755 1379 805 1442 est
827 1374 936 1441 Varro.
1113 1367 1115 1371 ’

235 1587 447 1674 Repperimus

233 1693 377 1759 Probum
396 1698 504 1759 contra
525 1694 665 1780 Asprum
685 1695 732 1760 ΙΙΙ
752 1695 783 1761 2.
798 1693 841 1759 25
861 1695 1011 1777 (accipent
1023 1701 1194 1777 personae).
1209 1696 1382 1762 Varronem

195 1797 236 1862 lv
262 1799 293 1863 2.
308 1797 362 1864 37.
384 1798 437 1864 44.
462 1799 487 1864 V
513 1799 544 1864 8.
562 1798 612 1864 15.
626 1799 669 1865 29
679 1819 686 1878 ;
713 1807 744 1865 et
767 1802 901 1866 fortasse
924 1800 968 1865 IV
993 1800 1023 1867 7.
1037 1799 1091 1865 34.
1116 1801 1141 1866 V
1169 1799 1199 1866 7.
1214 1799 1244 1865 6.

233 1904 351 1981 Locos,
384 1905 441 1970 ubi
464 1905 589 1970 Probus
615 1907 715 1991 Asper
739 1907 871 1972 indicati
895 1927 961 1972 esse
986 1911 1118 1992 possunt
1141 1907 1156 1971 I
1183 1907 1257 1984 ].1,
1281 1907 1312 1973 2.
1327 1907 1380 1972 36.

190 2008 221 2073 II
241 2007 373 2074 1231*
391 2010 435 2075 IV
458 2011 631 2089 114161,
650 2010 740 2077 4.10
759 2012 892 2093 (Prob.),
914 2010 944 2078 7.
959 2011 979 2077 9
999 2012 1107 2093 (Prob.
1121 2010 1380 2098 contraAepr.l).

192 2114 258 2180 Alii
281 2117 383 2182 fontes
407 2117 422 2181 I
448 2117 476 2183 1.
493 2117 521 2196 1,
547 2115 574 2182 V
599 2117 697 2184 3.19.

697 2347 868 2434 Hecyra.

232 2545 315 2611 Prol.
336 2545 361 2610 Ι.
385 2545 448 2610 1.2
474 2544 709 2613 calamitas
734 2547 819 2624 capri
840 2546 895 2620 rba
916 2545 1064 2623 καλάμην
1085 2546 1213 2624 dicitur,
1234 2547 1378 2614 clades

185 2654 260 2737 quia
290 2651 396 2717 clam
427 2652 561 2731 datur,
585 2657 622 2717 ul
644 2651 733 2718 aliud
757 2655 799 2718 sit
822 2652 987 2739 grandinis
1011 2652 1157 2718 culmum
1180 2654 1377 2741 frangentis,

184 2757 272 2824 aliud
296 2760 376 2823 furti
399 2764 456 2823 aut
478 2758 543 2824 doli
566 2758 660 2838 mali;
685 2762 730 2824 sic
757 2761 889 2824 Probus.

228 2864 244 2929 I
269 2863 401 2945 1.1(5)
425 2864 562 2945 Quidam
587 2887 649 2930 non
675 2865 834 2952 „paucas”
859 2865 913 2930 sed
937 2867 1047 2950 paucis
1066 2864 1180 2952 legunt
1188 2887 1197 2945 ;
1222 2868 1267 2932 sic
1291 2868 1378 2933 enim

183 2967 396 3055 Apollodorus
422 2973 565 3048 »ὀλίγαις
591 2971 720 3049 ἐραστὴς
746 2976 821 3036 cett.

228 3075 411 3142 &cundum
431 3077 582 3143 Wessn.
602 3099 633 3163 p.
652 3077 694 3142 25
715 3075 862 3162 exempla
881 3074 1002 3142 Graeca
1021 3074 1155 3141 redeunt
1174 3075 1214 3140 ad
1233 3076 1377 3141 Probum

183 3182 335 3268 Asprum.

229 3288 245 3354 I
268 3288 299 3354 2.
313 3288 356 3356 78
393 3289 484 3366 „Hoc
508 3311 568 3376 ego
593 3290 732 3376 proferre
755 3286 1018 3353 incommodum'’
1043 3307 1071 3352 e.
1084 3308 1114 3372 q.
1128 3308 1153 3352 s.

228 3394 276 3476 (l)
299 3394 402 3460 Verba
424 3394 588 3480 Pamphili
608 3400 701 3473 sunt,
722 3414 785 3458 non
806 3400 843 3459 ut
864 3392 995 3478 quidam
1015 3398 1132 3478 putant
1151 3392 1190 3459 ad
1210 3375 1379 3480 personam

182 3500 391 3566 Parmenonis
414 3503 596 3567 referentes.
666 3499 764 3566 Error
782 3499 855 3564 inde
875 3504 981 3577 ortus,
1003 3499 1088 3584 quod
1111 3501 1269 3566 Parmeno
1289 3502 1378 3579 citat,

182 3626 264 3690 quae
289 3606 368 3672 olim
392 3607 477 3672 dicta
502 3613 578 3672 sunt
600 3628 618 3672 a
642 3604 821 3692 Pamphilo.

228 3712 259 3777 II
284 3713 314 3777 1.
341 3710 383 3778 3⁹)
419 3712 506 3780 Satis
530 3716 613 3792 scio,
638 3713 797 3800 peccando
822 3712 1009 3778 detrimenti
1032 3711 1080 3777 nil
1104 3711 1172 3777 fieri
1195 3717 1300 3797 potest

228 3817 276 3899 (3)
306 3817 444 3898 Quidam
474 3819 555 3884 banc
586 3826 704 3905 putant
735 3820 892 3894 ironiam,
923 3820 1014 3903 quasi
1038 3818 1132 3894 dicat,
1158 3823 1263 3882 cert-us
1286 3839 1378 3896 sum,

181 3923 267 4008 quod
290 3945 329 3989 ex
353 3924 443 3990 nullo
467 3931 595 4011 peccato
620 3933 676 3992 tuo
701 3925 859 3991 damnum
882 3926 1043 4010 possimus
1067 3925 1135 4009 pati
1142 3943 1151 4001 ;
1177 3924 1231 3989 sed
1254 3923 1348 3990 male.

226 4029 374 4096 Fortasse
405 4032 499 4098 Prob.
532 4032 608 4118 Asp.
640 4032 753 4101 locum
784 4032 1017 4098 subobscurum
1042 4050 1099 4115 per
1120 4031 1256 4095 ironiam
1280 4029 1380 4116 expli-

214 4323 241 4387 1)
260 4323 296 4376 Cf.
313 4322 443 4386 Smntny
461 4321 562 4372 Diseert.
580 4322 644 4371 Phil.
663 4320 765 4371 Vindob.
786 4320 820 4370 VI
838 4321 903 4370 1898
922 4337 944 4386 p.
966 4320 1058 4384 12100.
1075 4320 1104 4368 de
1120 4319 1206 4384 clymis
1222 4320 1337 4370 Varronis
1353 4322 1378 4371 in

178 4407 319 4463 commento,
345 4419 404 4467 qnae
427 4419 468 4468 par
492 4406 704 4452 commentatorem
729 4403 788 4469 (ipsc
809 4403 899 4467 cogitat
923 4403 952 4451 de
970 4401 1237 4464 naturamnatural
1255 4405 1375 4454 Donatum

180 4486 313 4550 pervenisse
329 4485 411 4534 credit.
