3450 5382
694 397 849 446 nonanes.
1044 337 1048 348 Ι
1299 379 1364 448 127

169 557 349 637 Donatum,
375 563 431 646 qui
454 562 544 646 prius
566 559 694 626 locutus
717 567 765 626 est
788 560 826 627 de
852 560 1038 647 „proinds'’,
1064 561 1137 627 dein
1161 562 1199 627 de
1218 566 1365 649 sequenti

171 666 266 730 verbo
292 666 510 752 „expiscars''.

215 772 410 856 Appositum
441 780 490 839 est
518 778 661 858 repetere
693 772 725 837 h.
750 771 772 837 l.
805 778 1054 858 argumentum,
1086 794 1150 858 quo
1182 795 1259 839 usus
1290 795 1363 839 sum

170 876 248 941 olim
277 883 389 943 contra
421 899 473 944 eos
503 882 560 965 qui
590 879 713 944 duobus
738 881 977 964 excerptoribus
1000 880 1059 944 hos
1083 879 1208 945 ordines
1231 883 1260 944 A
1283 887 1314 945 et
1337 881 1363 944 Β

170 981 276 1048 deberi
300 988 461 1068 putarent.
490 983 610 1070 Scripsi
634 1006 749 1070 nempe
772 987 807 1049 in
831 985 954 1050 Mnem.
980 984 1109 1049 XXXII
1131 1006 1162 1070 p.
1187 985 1254 1050 213
1278 1007 1364 1071 prae-

169 1093 218 1153 ter
239 1082 304 1154 alia
327 1090 386 1155 hoc
411 1111 554 1176 quoque:
582 1090 813 1176 „Excerptores
832 1089 884 1155 illi
902 1093 1060 1156 nimirum
1079 1091 1199 1156 scholia
1217 1094 1251 1156 in
1271 1113 1364 1157 suam

169 1196 303 1280 quisque
335 1196 509 1262 editionem
540 1197 771 1264 transferebant
801 1198 835 1261 in
867 1196 1044 1261 utilitatem
1077 1195 1253 1275 lectorum,
1281 1198 1366 1264 unde

169 1307 418 1367 consentaneum
450 1310 535 1380 erat,
566 1309 741 1388 utrumque
772 1305 965 1387 excerpsisse
988 1305 1023 1367 in
1046 1323 1163 1389 genere
1188 1305 1310 1388 optima
1334 1308 1367 1368 et

37 1437 38 1458 r
168 1405 343 1472 utilissima
366 1428 401 1473 ac
425 1430 487 1474 non
510 1429 580 1474 raro
604 1408 725 1474 eadem.
757 1407 819 1474 Sed
843 1430 893 1474 res
917 1408 1013 1474 aliter
1038 1431 1070 1474 se
1093 1411 1198 1475 habet.
1223 1409 1366 1496 Uterque

167 1511 278 1577 sedulo
302 1515 422 1579 vitavit
444 1535 481 1579 ea
504 1535 584 1600 quae
608 1513 702 1579 alteri
720 1513 923 1600 placuerant,
945 1535 1020 1580 nam
1041 1514 1167 1580 ordines
1187 1537 1366 1600 numquam

167 1618 232 1684 fere
255 1619 368 1684 eadem
392 1622 545 1686 exhibent
560 1619 594 1700 ¹).
618 1620 746 1686 Diceres
769 1641 824 1686 eos
847 1642 977 1706 operam
1001 1623 1198 1706 praestitisse
1222 1643 1261 1687 ex
1281 1644 1366 1688 com·

169 1731 278 1808 pecto,
309 1727 374 1789 nisi
403 1727 479 1791 haec
511 1729 691 1792 coniectura
723 1728 820 1791 nimis
845 1733 928 1791 esset
950 1726 1091 1812 inepta’'.
1139 1725 1192 1791 Sic
1216 1727 1365 1793 adhunc

169 1829 277 1895 locum
308 1851 326 1895 e
358 1830 481 1897 duabus
512 1831 632 1897 Donati
653 1832 870 1897 notationibus
893 1831 1029 1897 utilibus
1053 1830 1134 1896 alter
1156 1831 1291 1897 alteram
1315 1854 1366 1897 ex·

171 1937 357 2020 carpsisset,
389 1937 535 2024 neglecta
566 1936 676 2003 altera.
700 1937 789 2003 Idem
814 1936 902 2004 valet
925 1938 963 2002 de
987 1935 1115 2002 scholiis
1139 1936 1258 2002 Donati
1280 1939 1312 2001 in
1337 1940 1365 2001 A

172 2047 204 2105 et
227 2041 254 2105 B
279 2041 320 2106 ad
347 2040 389 2106 14
412 2040 504 2125 Au)
526 2046 618 2110 iuxta
642 2044 679 2122 B,
704 2043 747 2109 24
768 2049 800 2108 ot
821 2042 862 2108 25
885 2049 917 2109 et
938 2040 1364 2121 281ιοηι,43,46,49,73.

215 2145 252 2212 Si
271 2149 376 2233 igitur
397 2170 509 2214 verum
529 2154 588 2226 est,
608 2151 641 2213 in
662 2171 724 2234 quo
745 2148 989 2214 demonstrando
1009 2149 1087 2214 haec
1107 2153 1174 2213 tota
1191 2148 1366 2234 disputatio

172 2260 329 2332 versatur,
362 2259 532 2340 utramque
556 2258 672 2321 seriem
694 2257 896 2340 inquinatam
920 2277 987 2321 esse
1009 2255 1127 2320 iisdem
1148 2255 1365 2342 interpolatio·

172 2359 266 2424 nibus
289 2359 432 2426 Editoris
455 2367 487 2426 et
509 2364 640 2447 insuper
663 2361 889 2427 additamentis
912 2360 1171 2447 magistellorum
1195 2383 1213 2427 a
1237 2360 1365 2447 Oompi-

172 2462 271 2531 latore
302 2465 465 2532 translatis
495 2470 598 2553 iisque
630 2468 808 2547 similibus,
834 2489 914 2553 quas
946 2471 980 2533 in
1010 2467 1208 2553 reliquarum
1239 2489 1365 2554 quoque

173 2570 355 2637 fabularum
387 2572 516 2639 scholiis
539 2574 825 2660 deprehendimus,
851 2579 883 2640 et
906 2577 934 2639 si
958 2580 1121 2660 praeterea
1145 2575 1243 2640 altera
1266 2577 1364 2640 series

173 2677 305 2743 alterius
336 2681 493 2745 rationem
522 2701 648 2766 semper
670 2680 801 2759 habuit,
832 2682 978 2765 sequitur
1001 2682 1113 2745 seriem
1140 2681 1167 2745 A
1192 2686 1224 2746 et
1244 2681 1271 2744 B
1294 2685 1366 2766 post

173 2790 393 2850 commentum
417 2807 435 2850 a
459 2783 678 2872 Oompilatore
703 2786 887 2851 consectum
910 2787 1042 2852 demum
1065 2789 1225 2851 exstitisse
1245 2791 1277 2850 et
1297 2789 1366 2871 qui·

174 2888 244 2954 dem
270 2888 406 2956 alteram
427 2898 500 2977 post
523 2891 667 2958 alteram.
692 2892 761 2972 Qua
779 2894 902 2958 ratione
922 2892 984 2958 hoc
1007 2891 1075 2956 fieri
1095 2894 1236 2976 potuerit
1256 2897 1365 2976 postea

173 2995 380 3062 adumbrabo.

216 3242 267 3308 Ad
291 3263 338 3307 vs.
364 3239 495 3306 36-41
520 3242 609 3308 deest
633 3241 677 3321 B;
703 3262 783 3328 qnae
807 3243 841 3306 in
861 3242 890 3306 A
910 3240 1065 3327 leguntur
1086 3240 1195 3305 brevia
1215 3243 1291 3304 sunt
1311 3238 1364 3304 sed

172 3349 293 3414 sincera
318 3355 443 3434 praeter
467 3369 515 3414 vs.
537 3347 591 3413 38.

217 3453 299 3520 lbid.
325 3451 368 3518 38
404 3453 468 3518 De.
492 3453 552 3519 Dic
575 3475 701 3519 nomen.
738 3454 805 3519 Ph.
830 3450 977 3519 Nomen?
1000 3452 1155 3518 Maxime.
1192 3451 1256 3516 De.
1281 3451 1366 3532 Quid

172 3581 256 3625 nunc
280 3557 386 3625 taces?

217 3665 265 3746 (2)
286 3665 350 3730 Hic
369 3686 446 3751 ergo
467 3665 554 3731 deest
575 3665 721 3742 „nescio”
742 3664 796 3730 vel
810 3667 1044 3749 „necessarium
1056 3663 1137 3729 est”.
1192 3662 1238 3744 (3)
1258 3662 1366 3744 „Quid

172 3793 203 3836 n.
229 3771 275 3836 t.'’
301 3771 406 3857 Urget
429 3792 540 3849 senex,
566 3773 641 3857 quia
663 3768 826 3856 intellegit
849 3791 924 3836 eum
949 3792 1065 3836 nomen
1088 3772 1217 3836 nescire.

218 3877 430 3942 Manifestum
462 3877 719 3942 additamentum
750 3882 798 3941 est
828 3876 990 3943 conclusio
1021 3899 1059 3942 ex
1090 3876 1139 3956 (3)
1162 3897 1219 3961 per
1242 3899 1308 3954 erqo
1331 3877 1365 3939 in

172 3983 230 4063 (2),
254 4005 312 4049 nec
335 4005 455 4062 unum,
475 3984 529 4049 sed
550 3984 612 4049 dno
631 3986 752 4069 opinor,
772 4004 848 4048 nam
868 3982 949 4048 alter
967 4005 1055 4069 mag.
1076 3981 1199 4047 addidit
1218 3984 1365 4066 ineptum

172 4086 253 4153 illud
278 4087 352 4166 „vel
376 4109 493 4154 necess.
518 4088 598 4154 est''.

175 4287 370 4296 —a--Q

207 4423 235 4488 l)
262 4422 398 4473 (lancinant
420 4425 515 4472 tantum
532 4423 558 4473 in
575 4425 691 4486 quattuor
708 4421 833 4472 levissimis
849 4421 931 4472 rebus:
951 4423 982 4472 lo
1001 4425 1081 4488 Opera
1098 4423 1212 4488 septimus
1229 4437 1297 4471 casua
1314 4427 1362 4482 ast;

172 4506 205 4554 20
223 4505 247 4554 in
265 4503 386 4564 moribua;
404 4506 435 4554 25
454 4505 517 4554 male
534 4505 600 4569 loqui
615 4520 659 4570 pro
675 4505 828 4564 maledicere;
847 4504 1106 4555 scanebrunne
1122 4505 1367 4570 rixcarcoredignna.
