3418 5392
647 331 802 446 nonanus}
1281 375 1323 442 65

128 567 183 634 vix
206 586 276 632 esse
299 568 445 652 possunt.
476 562 570 629 illem
602 561 727 629 Donato
750 560 911 640 dederim,
937 563 1012 648 quia
1035 562 1069 626 in
1093 559 1193 628 altera
1217 563 1326 628 minua

128 675 253 738 iustum
278 677 345 748 est,
370 670 560 736 Phaedriam
583 671 649 735 iam
675 672 861 754 susceptum
884 688 963 734 aeae.

175 773 370 860 (4)'Utrum
395 775 498 855 „tibi”
522 775 698 841 molestum
722 774 769 840 an‘
782 771 876 840 aliis?
896 773 950 840 aed
971 773 1060 851 aliis,
1082 775 1158 859 quia
1175 773 1327 840 illaturus

130 891 178 952 est
203 885 283 962 „ubi
308 888 370 959 <tu
394 882 501 961 voles,
525 883 607 955 ubi>
634 888 764 967 tempus
789 881 850 946 tibi
874 877 969 946 erit'’.
1039 880 1235 947 Absurdum.

177 989 226 1072 (5)
253 990 331 1067 „ubi
355 996 389 1054 tu
416 987 527 1054 volea''
554 1010 617 1053 non
642 987 809 1065 „amator”
834 986 889 1052 sed
914 986 1005 1065 „tu''.
1075 986 1214 1053 Puerile.
1314 1033 1319 1044 ·

178 1095 260 1161 Ibid.
286 1094 329 1161 38
360 1095 387 1160 Ε
411 1094 541 1160 flamma
564 1101 673 1179 petere
696 1099 728 1159 te
753 1094 861 1159 cibum
885 1113 976 1178 posse
1000 1093 1136 1158 arbitror

177 1201 226 1284 (1)
258 1199 350 1266 Unde
374 1203 441 1265 sine
465 1199 580 1266 damno
605 1204 662 1264 aut
686 1197 774 1264 malo
799 1197 880 1263 nihil
905 1203 1010 1284 potest
1033 1199 1169 1278 auferri3
1204 1236 1255 1257 -ι
1279 1199 1327 1281 (2)

136 1329 173 1387 „e
196 1306 352 1374 flamma’'
376 1306 429 1371 hio
451 1305 656 1392 intellegitur
678 1326 739 1370 non
763 1326 781 1371 e
806 1305 891 1381 foco,
917 1304 971 1369 sed
994 1325 1033 1370 ex
1053 1304 1158 1370 medio
1176 1308 1252 1392 igne
1272 1310 1330 1371 aut

134 1436 172 1481 ex
203 1413 361 1480 incendio.
393 1450 435 1461 -
466 1410 550 1477 Nam
583 1414 754 1497 antiquum
785 1411 922 1476 verbum
952 1417 1002 1486 est
1027 1411 1156 1489 „cibum
1179 1417 1329 1497 paterae

133 1519 298 1586 flamme'’.
369 1518 417 1600 (3)
436 1518 600 1583 Mordious
619 1525 805 1603 utrumque.
825 1515 932 1582 Simul
951 1522 984 1582 et
1003 1515 1124 1583 nescias
1142 1537 1238 1603 quem
1256 1518 1330 1604 plna

131 1619 386 1712 uituperaverit,
418 1625 556 1690 huiusne
583 1625 703 1690 famem
728 1644 768 1688 an
788 1622 878 1688 illins
901 1625 1139 1690 immanitatem
1164 1623 1221 1691 vel
1240 1646 1330 1691 vora-

134 1735 253 1819 ginem.
337 1729 385 1811 (4)
416 1730 459 1795 Et
488 1729 587 1795 simul
617 1729 691 1796 vide
723 1728 807 1794 unde
834 1731 1013 1795 convitium
1030 1729 1223 1809 redditum,
1246 1729 1331 1796 unde

136 1845 325 1925 congestum
349 1841 417 1914 eat,
439 1836 474 1901 id
498 1843 546 1901 est
570 1836 607 1901 de
631 1841 775 1924 egestate
799 1837 895 1921 atque
919 1835 1083 1921 pauperie.⁴
1255 1833 1257 1836 ’

179 1945 298 2010 Marx
321 1942 362 2008 ad
386 1942 463 2008 Luc.
485 1939 550 2008 657
571 1942 663 2009 docet
680 1941 890 2027 proverbium
913 1941 1133 2007 verisimiliter
1152 1943 1211 2008 hoc
1231 1943 1331 2018 fuisse

139 2051 272 2129 „Petere
297 2046 425 2114 'aurum
462 2069 478 2113 e
512 2047 643 2113 flamma
678 2069 695 2113 e
730 2068 826 2114 coeno
858 2048 966 2112 cibum
997 2047 1190 2127 mordicus'',
1222 2051 1331 2135 itaque

139 2158 281 2242 suspicor
312 2160 461 2240 exempto
491 2154 581 2220 inani
611 2153 821 2230 emblemate,
854 2152 1018 2218 Donatum
1050 2175 1114 2219 uno
1147 2159 1254 2220 tenore
1287 2158 1332 2220 sic

139 2261 278 2328 dedisse:
314 2257 426 2339 „Unde
530 2259 665 2340 auferri;
697 2280 772 2325 nam
795 2263 860 2324 ant.
893 2281 926 2326 r.
959 2265 1007 2325 est
1033 2281 1080 2339 „c.
1105 2281 1136 2346 p.
1160 2280 1177 2326 e
1201 2260 1332 2327 flamma

141 2367 217 2446 <vel
240 2366 397 2444 caeno)'',
422 2365 583 2432 mordicus
606 2366 814 2453 utrumque.”

183 2472 268 2542 Oum
300 2471 349 2554 (3)
380 2463 413 2538 et
433 2473 490 2554 ‚(4)
521 2473 577 2538 vix
607 2471 707 2537 simul
737 2472 861 2538 Donato
892 2471 1029 2538 adscribi
1056 2474 1196 2558 possint,
1221 2476 1251 2539 ei
1274 2475 1333 2540 hoc

137 2572 250 2664 ¹potius
283 2597 380 2664 qnam
411 2575 494 2642 illud
516 2578 765 2663 imputaverim,
789 2577 875 2662 qnod
896 2573 1010 2643 Editor
1032 2580 1187 2663 superiori
1212 2579 1332 2654 scholio

140 2684 176 2750 de
199 2684 370 2771 proverbio
394 2682 546 2748 adnexuit
569 2705 625 2770 per
647 2683 755 2761 simol,
780 2684 842 2761 sio,
865 2689 962 2768 puto,
986 2682 1192 2771 intelligens:
1220 2706 1238 2750 e
1265 2707 1334 2772 pro

135 2791 249 2856 ‘verbio
274 2787 374 2855 simul
393 2788 545 2854 discimus
566 2788 695 2875 perinde
715 2791 894 2875 vituperari
913 2788 1070 2868 militem,
1091 2793 1167 2876 qnia
1186 2789 1333 2858 flammae

136 2897 379 2962 immanitatem
399 2895 524 2972 hebeat,
540 2916 581 2961 ac
605 2897 783 2980 parasitum
807 2899 938 2980 propter
960 2895 1023 2961 cibi
1046 2895 1165 2961 famem
1188 2903 1219 2962 et
1243 2911 1332 2961 vora·-

142 3004 252 3088 ginem
269 3001 292 3083 ¹)
315 2999 541 3066 insatiabilem.

185 3107 267 3173 Ibid.
293 3105 336 3170 42
349 3105 397 3188 (3)
420 3112 452 3171 et
475 3105 522 3188 (5)
546 3107 585 3171 cf.
612 3127 708 3193 supra
731 3128 762 3192 p.
785 3104 839 3186 22.

186 3213 268 3278 Ibid.
293 3210 337 3276 46
361 3210 409 3292 (l)
433 3218 464 3276 et
488 3212 536 3293 (2)
562 3233 662 3277 unum
686 3211 844 3278 scholium
868 3209 949 3277 Don.
973 3210 1111 3277 effecisse
1135 3211 1295 3278 videntur.

185 3317 266 3384 Ibid.
288 3314 331 3381 48
351 3315 413 3382 Fac
433 3338 541 3397 cures,
562 3319 589 3381 si
610 3317 690 3384 forte
708 3316 772 3382 huo
791 3314 943 3382 Chremes
963 3315 1144 3394 advenerit,
1158 3322 1195 3381 ut
1209 3339 1334 3383 ores...

186 3424 356 3499 Οἰκονομία
387 3422 427 3487 ad
455 3420 549 3487 litem
579 3423 723 3488 futuram
754 3428 787 3489 et
816 3424 941 3488 exitum
964 3422 1109 3501 fabulae,
1134 3429 1166 3488 et
1189 3424 1247 3506 hoc
1271 3445 1336 3489 non

141 3531 230 3598 audit
261 3527 367 3595 miles.
437 3527 503 3596 Gur
533 3550 594 3594 non
625 3527 737 3594 audit?
761 3531 918 3593 nimirum
941 3549 980 3594 ne
1004 3532 1186 3595 oeconomia
1210 3536 1335 3616 pertur-

140 3635 279 3702 baretur.
310 3634 424 3719 Itaque
446 3634 687 3721 Interpolatoris
711 3640 760 3702 est
788 3635 872 3721 quod
899 3633 984 3700 male
1010 3639 1172 3722 sequitur:
1203 3658 1277 3702 nam
1308 3639 1335 3702 si

143 3741 283 3820 audiret,
309 3742 406 3806 nimis
428 3743 627 3807 irasceretur.

187 3923 234 3989 ΙΙΙ
259 3922 290 3989 3.
304 3920 348 3989 27
373 3923 440 3989 Rus
465 3944 501 3989 eo

188 4030 250 4095 Pro
280 4031 403 4115 potiore
434 4031 566 4116 negotio
592 4029 688 4109 „rus”
714 4032 832 4115 posuit.
891 4029 1042 4108 Addidit,
1067 4030 1188 4114 opinor,
1215 4030 1280 4094 lP:
1306 4037 1339 4095 et

146 4138 246 4200 maior
269 4137 400 4220 negatio
425 4142 489 4213 est,
514 4156 609 4221 quam
634 4139 662 4201 si
685 4134 804 4201 diceret
828 4159 914 4215 „non
938 4138 1033 4202 venio
1055 4134 1152 4200 huc”.
1183 4133 1339 4200 Eiusdem

140 4239 264 4306 farinae
286 4244 353 4306 est:

187 4345 267 4411 Ibid.
294 4344 338 4411 28
372 4344 464 4423 „Non
488 4367 635 4432 possum,
659 4347 813 4432 inquam”
837 4349 913 4435 plna
936 4351 985 4414 est
1008 4367 1105 4432 qnam
1131 4345 1262 4426 „nolo”.

154 4465 348 4477 a———n——n

178 4511 204 4577 1)
212 4512 273 4562 'l'nrn
282 4511 360 4576 igitur
368 4510 393 4560 in
401 4513 437 4574 (8)
445 4511 625 4575 corrigendum
637 4510 723 4562 ,hoino
731 4511 818 4562 samem
826 4513 865 4562 vel
874 4512 1012 4577 voraginem
1022 4528 1052 4562 an
1062 4511 1128 4562 illins
1137 4511 1341 4564 immanitatem.¹’

1176 4613 1191 4658 d
