3450 5382
338 360 401 427 132
854 377 1011 426 nonnius.

381 543 449 609 lam
480 564 575 620 vero,
608 548 645 608 ut
677 541 716 607 ad
748 542 867 610 scholia
899 544 1045 622 redeam,
1078 543 1204 610 Donato
1237 564 1313 609 cum
1337 541 1541 608 Bentleio

337 650 505 715 tribuerim
541 647 589 730 (4)
624 648 786 734 huiusque
822 656 1010 736 excerptum
1050 648 1098 731 (2)
1133 652 1294 736 magistro
1328 651 1434 714 nescio
1466 650 1540 725 cui;

336 762 408 821 tum
441 754 488 836 (l)
520 776 553 820 re
577 765 610 820 et
633 755 736 820 forma
760 757 837 820 satis
861 754 965 822 debile
990 755 1134 835 Editori3
1159 756 1298 841 denique
1321 755 1370 837 (3)
1393 755 1451 820 alii
1473 775 1541 820 ma-

335 865 439 949 gistro
470 861 635 947 supplesti
665 859 805 948 collegae
830 865 1030 928 notationem
1055 862 1114 944 (2).
1161 861 1274 949 Itaque
1297 863 1332 926 in
1355 867 1542 927 commento

337 967 506 1054 legebatur
539 966 764 1033 tantummodo
800 967 900 1033 schol.
936 967 994 1048 (4),
1031 969 1108 1034 huic
1142 968 1199 1033 nd.
1237 970 1444 1055 praescripsit
1479 967 1542 1048 (1),

337 1057 472 1160 denique
502 1071 702 1158 Oompilotor
729 1070 782 1140 vel
806 1095 845 1138 ex
868 1072 1010 1139 Editoris
1036 1075 1088 1140 vel
1113 1097 1152 1141 ex
1176 1073 1260 1142 alius
1283 1073 1433 1140 editionis
1457 1093 1542 1138 mar-

336 1182 413 1266 gine
435 1181 570 1244 inseruit
593 1178 641 1259 (2)
665 1178 724 1260 (3).

381 1286 461 1352 Ibid.
487 1284 530 1350 40
566 1286 654 1350 Ant.
686 1285 756 1350 lam
784 1305 821 1350 ea
843 1285 924 1366 (dies
947 1288 1139 1372 praestituta
1163 1286 1242 1352 olim
1266 1308 1342 1352 cum
1366 1284 1540 1366 Phaedria)

336 1389 523 1479 praeteriit?
559 1391 648 1457 Dor.
674 1391 762 1471 Non,
789 1413 904 1457 verum
927 1392 1005 1458 haec
1030 1395 1059 1458 ei
1084 1395 1256 1459 antecessit

383 1499 431 1579 (2)
455 1498 582 1563 Urbane
606 1497 678 1563 leno
705 1497 804 1576 „haec
828 1498 1031 1577 antecessit'',
1056 1504 1095 1564 ut
1118 1499 1175 1566 alii
1198 1497 1542 1584 putant'meretrix

337 1605 529 1683 vendita,
565 1608 602 1668 ut
636 1602 692 1669 alii
730 1602 819 1669 dics
858 1603 965 1697 lenoni
1000 1625 1099 1691 quam
1134 1607 1349 1670 constitutum
1380 1605 1455 1670 fuit.
1496 1641 1541 1652 -

338 1712 386 1794 (3)
410 1713 460 1777 An
483 1716 591 1797 aperte
615 1710 687 1776 leno
710 1710 849 1796 perfidus
873 1715 1040 1792 mentitur,
1062 1712 1146 1778 unde
1166 1715 1313 1799 seqnitur
1334 1734 1419 1790 „non
1438 1711 1544 1797 pudet

339 1815 536 1886 vanitatis''l
604 1815 651 1898 (4)
675 1816 762 1904 Ergo
785 1817 859 1904 plus
885 1824 933 1884 est
955 1819 1167 1896 „antecessit”
1189 1840 1287 1905 quam
1306 1820 1482 1904 praeteriit.
1496 1855 1541 1866 -

339 1924 388 2007 (5)
419 1924 511 2002 „Non
543 1922 619 2009 pud.
643 1923 767 1989 vanit.'’
794 1931 926 2009 apparet
950 1946 1046 2011 supra
1069 1923 1219 1991 lenonem
1242 1925 1281 1991 de
1304 1924 1437 2011 perfidia
1461 1925 1544 1990 anti·

339 2033 437 2117 cipati
462 2031 616 2115 temporis
629 2050 708 2094 esse
732 2030 923 2096 confessum.

355 2171 360 2178 ·
386 2137 538 2203 Dorias
557 2135 629 2201 leno
650 2136 736 2200 diem
755 2139 981 2222 praestituerat
1000 2136 1039 2202 ad
1060 2158 1157 2222 quam
1176 2137 1335 2204 Phaedria
1355 2140 1541 2224 pecuniam,
1608 2167 1611 2176 ·

340 2243 395 2310 ille
419 2243 561 2329 puellam
584 2243 674 2308 daret
697 2246 757 2323 (vs.
784 2242 850 2325 38),
875 2244 930 2309 sed
953 2246 1186 2310 interveniente
1206 2244 1313 2310 milite
1333 2265 1404 2310 eam
1423 2243 1543 2309 nihilo·

341 2353 449 2416 minus
473 2350 669 2416 vendiderat.

387 2457 635 2533 Urbanitas,
668 2455 727 2520 hoc
759 2461 808 2520 est
837 2455 956 2540 lepor
988 2456 1041 2536 (cf.
1068 2455 1096 2520 V
1123 2455 1310 2538 8.95(l)),
1342 2453 1459 2521 scholii
1490 2455 1539 2537 (2)

340 2564 375 2626 in
406 2583 444 2628 eo
476 2567 524 2626 est
555 2563 660 2646 posita
687 2561 772 2646 quod
796 2560 868 2627 leno
892 2582 955 2626 non
977 2568 1075 2648 negat
1098 2562 1229 2647 quidem
1253 2562 1338 2628 diem
1362 2562 1540 2629 Phaedriae

340 2668 482 2734 nondum
502 2669 712 2752 praeteriisse,
737 2668 791 2734 sed
815 2674 943 2734 versute
969 2675 1002 2734 et
1020 2669 1108 2734 vafre
1128 2671 1173 2734 ait
1194 2668 1331 2741 alteram
1350 2671 1380 2733 ei
1400 2675 1541 2734 anteces-

340 2777 428 2840 sisse.
475 2772 538 2838 Sed
558 2773 635 2858 quid
656 2780 704 2838 cst
723 2771 843 2839 haec?
863 2773 1044 2859 Respondet
1063 2773 1251 2840 scholiasta:
1275 2779 1333 2852 „ut
1352 2773 1410 2839 alii
1422 2779 1540 2859 putant

340 2882 544 2946 meretrix
576 2879 750 2945 vendita
782 2882 816 2960 (i.
838 2901 865 2946 e.
897 2883 966 2965 ipsa
998 2880 1141 2946 venditio
1170 2883 1372 2960 meretricis),
1413 2886 1450 2945 ut
1482 2879 1540 2947 alii

341 2987 430 3053 dies
452 2985 577 3064 lenoni,
602 3006 701 3072 quam
724 2988 938 3051 constitutum
963 2986 1058 3051 fuir’.

387 3094 553 3160 Postrema
573 3095 730 3158 sententia
749 3092 874 3158 laborat
893 3090 1082 3178 corruptela.
1104 3091 1251 3159 Wessn.
1272 3095 1426 3158 correxit:
1448 3093 1502 3171 „d.
1515 3090 1538 3158 l.

343 3198 426 3290 (in)
452 3223 549 3286 quam
575 3201 790 3265 constitutum
813 3199 909 3277 fuic’,
933 3199 1017 3284 quod
1042 3202 1151 3264 minus
1174 3198 1334 3284 intelligo.
1359 3196 1540 3264 Scholiasta

341 3310 498 3373 nimirum
520 3305 681 3393 significat
704 3311 761 3370 aut
783 3307 892 3390 ipsum
916 3303 1002 3371 diem
1023 3327 1086 3390 quo
1105 3308 1218 3383 veniit,
1238 3310 1295 3370 eut
1315 3304 1418 3382 diem,
1441 3325 1539 3390 quam

342 3435 416 3478 cum
448 3434 530 3478 novo
561 3417 704 3497 emptore
735 3413 947 3476 constituerat
978 3411 1148 3476 tradendae
1179 3410 1326 3476 mulieris
1349 3411 1383 3492 ¹).
1426 3410 1539 3496 ltaque

342 3520 439 3587 verba
471 3521 516 3583 sic
548 3519 612 3583 fere
642 3518 831 3604 corrigenda
861 3517 1029 3597 videntum
1058 3517 1256 3603 „diesqua
1278 3514 1346 3598 (vel
1368 3518 1403 3581 in
1427 3520 1538 3601 quam)

341 3625 448 3690 lenoni
470 3626 684 3716 constitutum
707 3625 770 3689 fuit
794 3622 875 3704 (scil.
901 3624 1023 3688 tradere
1046 3622 1235 3710 puellam)'’.

388 3730 541 3816 Sequitur
563 3729 643 3795 falsa
667 3733 846 3796 coniectura
870 3731 903 3794 in
927 3729 985 3811 (3),
1010 3750 1085 3795 nam
1108 3730 1180 3795 leno
1205 3750 1266 3794 non
1291 3730 1459 3806 mentitur,
1484 3750 1537 3795 ve·

341 3860 415 3904 rum
438 3838 558 3903 urbane
581 3857 665 3903 vana
687 3843 719 3902 et
742 3836 861 3923 perfida
883 3836 1044 3902 locutione
1068 3857 1147 3902 usus
1166 3841 1224 3902 est.
1255 3835 1367 3921 ltaque
1390 3834 1438 3917 (3)
1463 3834 1537 3899 Edi·

341 3947 404 4010 tori
438 3944 634 4010 reddendum
670 3949 735 4023 est,
772 3965 829 4009 nec
861 3965 923 4009 non
953 3945 1062 4030 inepta
1094 3942 1254 4009 conclusio
1284 3963 1341 4028 per
1370 3962 1479 4007 caram
1509 3943 1538 4006 ei

377 4254 404 4319 1)
425 4254 517 4304 Slom
527 4269 565 4303 an
586 4253 693 4313 ahaua,
712 4269 743 4303 sc.
762 4254 802 4302 the
820 4253 865 4316 day
884 4268 914 4300 οιι
931 4251 1010 4301 which
1026 4251 1068 4301 the
1085 4251 1155 4300 other
1172 4249 1301 4316 purchaser
1318 4247 1462 4316 appeared’,
1478 4265 1538 4316 quae

343 4336 420 4386 versio
447 4337 508 4386 hanc
533 4336 694 4400 quaestionem
718 4351 766 4384 nou
790 4335 891 4384 dirimit.
914 4333 1020 4382 Eversu
1038 4334 1082 4382 452
1111 4332 1209 4382 ‚Cras
1234 4347 1329 4381 mune
1352 4334 1537 4395 argentum

343 4417 428 4470 mihi
446 4434 469 4468 m
479 4418 546 4468 iles
563 4419 644 4467 dore
662 4434 695 4467 re
712 4417 785 4467 diri
795 4417 822 4467 t”
840 4419 949 4482 apparet,
966 4415 1067 4464 alteram
1084 4414 1225 4464 scholiastae
1242 4413 1440 4478 significationem
1458 4413 1540 4463 iustio-

343 4518 394 4554 rem
411 4517 468 4564 cers,
486 4505 512 4552 nt
530 4501 665 4553 declaratur
682 4501 708 4551 in
726 4501 775 4567 (5).
