3450 5382
344 363 408 430 134
862 379 1017 428 ucusnus.

341 548 464 615 facere”
496 569 528 634 p.
554 545 618 612 154
648 551 681 613 et
711 568 744 633 p.
769 545 846 623 288,
880 546 936 610 ubi
968 547 1046 612 citat
1079 545 1175 632 Apul.
1209 546 1289 612 Met.
1314 545 1386 612 V2
1419 545 1541 632 „paulo

341 654 489 720 fidentior
518 656 603 718 intra
634 652 733 718 limen
759 672 826 718 sese
849 651 959 718 facit'’.
984 650 1119 718 Tertull.
1144 651 1182 719 de
1206 650 1283 738 pall.
1309 650 1328 717 3
1355 651 1416 728 „ad
1438 651 1540 718 illum

342 782 381 826 ex
405 761 510 847 Libya
533 759 695 825 Hammon
719 757 830 824 facit’'.

386 866 467 932 lbid.
494 864 547 930 63.
582 864 752 931 Sexcentas
775 863 908 950 proinde
930 865 1039 949 potius
1062 864 1146 929 mihi
1168 866 1233 930 iam
1257 865 1388 930 scribito

387 973 436 1053 (1)
466 971 650 1056 Perspicere
680 971 754 1035 hinc
783 969 860 1035 licet
883 969 1148 1035 consuetudinem
1171 971 1340 1055 utriusque
1363 974 1537 1051 sermonis,

341 1099 417 1144 nam
446 1076 659 1162 Apollodorus
689 1077 800 1156 μυρίας
833 1075 916 1140 dixit
947 1097 1004 1161 pro
1036 1075 1161 1141 multis.
1186 1114 1228 1124 -
1252 1075 1301 1157 (2)
1324 1076 1366 1141 dit
1391 1082 1428 1141 ut
1451 1077 1538 1162 apud

342 1183 479 1252 Graecos
503 1183 596 1264 μύρια
619 1185 665 1248 ita
688 1181 773 1268 apud
796 1203 852 1247 nos
879 1181 1069 1260 „sexcenta”
1095 1182 1198 1248 dicere
1222 1204 1279 1268 pro
1303 1181 1416 1248 multis
1441 1187 1539 1248 usita-

341 1297 414 1355 tum
444 1296 502 1355 est.
535 1327 577 1339 -
610 1287 721 1356 Oicero
753 1295 922 1367 „sexcenta
944 1309 1075 1374 possum
1100 1288 1225 1354 decreta
1248 1288 1409 1374 proferre''
1434 1288 1538 1369 (Verr.

387 1501 522 1566 Initium
553 1506 586 1565 et
608 1499 705 1565 finem
727 1520 831 1564 unum
855 1499 975 1565 Donati
998 1498 1158 1565 scholium
1183 1499 1341 1578 efficiunt,
1366 1502 1419 1566 cui
1443 1499 1539 1568 (lom-

341 1607 458 1692 pilator
481 1627 498 1672 e
521 1605 660 1690 quodam
682 1608 829 1691 margine
847 1606 974 1672 infersit
991 1607 1125 1671 initium
1144 1604 1258 1672 scholii
1270 1606 1328 1690 (2),
1349 1612 1539 1692 excerptum

342 1734 360 1778 a
390 1715 547 1799 magistro
577 1733 615 1776 ex
646 1712 705 1790 (1).
775 1709 927 1778 Ceterum
962 1711 1080 1778 Donati
1114 1711 1275 1778 scholium
1308 1714 1458 1778 imitatus
1490 1721 1541 1779 est

342 1818 631 1906 Eugraphius:
667 1819 894 1896 „Postremum
926 1824 1036 1884 autem
1069 1824 1232 1884 sexcentas
1259 1840 1317 1904 pro
1342 1822 1540 1905 quamvis

342 1925 517 2001 multas,
541 1929 579 1988 ut
602 1921 730 1990 Oicsro:
755 1945 887 2010 possum
910 1923 1059 2010 s.d.p.''.

387 2030 468 2096 Ibid.
494 2028 536 2096 ’76
571 2028 608 2094 ld
631 2050 759 2095 sumam

417 2123 425 2134 ι

387 2137 435 2217 (1)
458 2137 530 2202 Non
556 2135 754 2216 „fructum'’,
774 2136 829 2203 ssd
848 2135 1075 2222 „argentum''.
1121 2137 1192 2203 Hoc
1211 2135 1264 2203 vol
1285 2137 1538 2205 caeousviderit.

386 2351 430 2416 IV
454 2350 484 2416 4.
499 2348 541 2416 27
577 2350 747 2416 Interdixit
769 2349 913 2416 hariolus

387 2458 435 2538 (2)
468 2456 662 2536 „Hariolus”
695 2464 743 2522 est
773 2459 829 2542 qui
853 2457 962 2522 divina
985 2464 1093 2523 mente
1117 2458 1320 2524 vaticinatur.
1346 2459 1451 2525 dictus
1476 2460 1539 2527 ha-

342 2563 481 2628 riolus
506 2565 597 2647 quasi
621 2561 804 2628 fariolus
828 2583 846 2628 a
869 2562 960 2627 fari.
986 2601 1028 2611 -
1053 2561 1175 2628 scilicet
1198 2563 1232 2628 H
1254 2585 1311 2650 pro
1335 2563 1370 2642 F,
1394 2571 1432 2630 ut
1456 2567 1537 2632 etl*

340 2685 410 2754 pro·
429 2668 461 2732 H
490 2671 525 2732 in
557 2668 670 2734 multis
701 2668 916 2734 locutionibus
949 2669 1167 2735 mutabantur.
1238 2668 1287 2754 (3)
1323 2671 1372 2736 An
1404 2672 1443 2736 ab
1476 2671 1540 2738 ha·

339 2771 484 2840 lando?
515 2795 590 2839 nam
620 2773 763 2840 halitu
788 2773 932 2840 solebant
956 2774 1124 2840 excludere
1148 2773 1253 2841 veluti
1274 2775 1447 2843 mortalem
1472 2782 1537 2844 ani·

340 2902 444 2958 mam,
478 2887 515 2945 ut
544 2880 699 2946 divinam
714 2883 898 2966 reciperent.
931 2880 1022 2946 Unde
1045 2886 1077 2946 et
1101 2901 1195 2947 voees
1219 2882 1376 2947 eiusmodi
1399 2883 1536 2966 dabant,

339 2993 362 3065 †
386 3008 465 3073 quae
489 2993 537 3052 est
560 3009 599 3052 ex
623 2988 682 3053 hoc
705 2989 762 3073 qui
783 2988 869 3052 hunc
892 3008 1007 3052 sonum
1032 2986 1202 3052 exhalandi
1225 2994 1396 3073 praestant.

384 3093 529 3159 Donatus
555 3096 590 3158 in
613 3092 661 3173 (2)
686 3093 920 3159 derivationem
943 3095 1147 3158 notissimam
1170 3094 1317 3172 exhibet,
1344 3117 1424 3179 quae
1447 3099 1534 3163 inve·

337 3203 427 3266 nitur
453 3203 552 3266 etiam
576 3200 661 3285 apud
684 3197 829 3265 Gramm.
855 3198 973 3264 latinos
996 3199 1069 3280 (Vll
1095 3200 1148 3264 11.
1165 3199 1206 3265 10
1230 3205 1304 3279 etc.)
1327 3206 1360 3266 et
1382 3203 1417 3266 in
1440 3199 1534 3269 Glos-

339 3309 440 3372 sariis.
474 3307 642 3372 Postrema
665 3308 762 3372 verba
787 3303 952 3383 „scilicet”
976 3310 1051 3370 cett.
1076 3307 1105 3370 ei
1129 3311 1238 3371 tamen
1261 3307 1451 3398 imputanda
1470 3330 1534 3374 non

338 3419 429 3492 sunt;
462 3411 605 3478 Donatus
637 3413 671 3475 in
702 3410 760 3476 tali
791 3432 825 3476 rs
854 3413 924 3496 ipsa
947 3413 1136 3476 mutationis
1160 3412 1307 3496 exempla
1330 3412 1446 3479 addere
1470 3436 1535 3480 non

339 3519 480 3595 omittit,
513 3537 548 3582 ac
577 3522 739 3602 praeterea
763 3515 921 3602 particula
944 3516 1059 3580 ccth'cet
1083 3515 1294 3584 additamenti
1318 3520 1533 3603 suspicionem

337 3623 424 3688 facit.
455 3622 492 3687 In
523 3621 570 3703 (3)
603 3628 713 3687 autem
744 3621 857 3688 Editor
887 3621 989 3687 denuo
1021 3625 1237 3688 coniecturam
1270 3624 1406 3711 profert,
1440 3629 1533 3692 cuius

338 3733 448 3794 utrum
472 3731 630 3793 insaniam
653 3749 693 3793 an
716 3729 882 3795 audaciam
906 3731 1012 3815 magis
1036 3731 1135 3794 mirer
1158 3731 1274 3795 nescio.
1306 3729 1534 3816 suppeditavit

338 3837 368 3901 ei
394 3835 452 3901 hoo
476 3837 646 3900 inventum
669 3833 829 3900 harioli
853 3833 995 3900 definitio
1019 3833 1110 3900 talis:
1138 3834 1374 3913 „Incantatores
1398 3839 1467 3903 sive
1490 3838 1534 3903 di·

338 3943 426 4018 vini,
458 3943 515 4027 qui
545 3946 696 4026 concepto
729 3945 803 4005 ante
827 3961 915 4005 aram
938 3942 1056 4025 spiritu
1079 3941 1188 4006 futura
1211 3941 1432 4027 praedicunt”.
1458 3942 1532 4008 Vel:

339 4048 483 4126 „lnsani,
509 4050 565 4132 qui
588 4049 705 4132 spiritu
729 4048 835 4112 nescio
858 4068 921 4131 quo
945 4045 1049 4111 inflati
1072 4049 1282 4113 vaticinantes
1306 4050 1389 4113 circa
1412 4069 1482 4116 aras
1502 4056 1534 4116 st

337 4151 458 4238 templa
482 4153 664 4218 discurrunt
688 4159 783 4238 atque
807 4152 1033 4218 bacchantur”.
1058 4151 1163 4219 Gloss.
1188 4152 1230 4218 VI
1253 4175 1284 4238 p.
1311 4153 1388 4219 512.

383 4256 572 4344 Corruptela
595 4261 628 4323 in
652 4258 713 4324 fine
736 4261 782 4324 ita
805 4259 937 4324 fortasse
961 4261 1080 4346 corrigi
1104 4264 1227 4344 potest:
1254 4280 1356 4345 „quae
1377 4247 1535 4326 exeunt

337 4386 376 4431 ex
408 4366 485 4444 (his
509 4363 574 4444 vel)
597 4367 670 4445 iis,
694 4365 784 4450 qui”,
816 4363 907 4430 illius
932 4368 1018 4431 enim
1042 4365 1139 4431 verba
1162 4388 1225 4432 non
1244 4368 1347 4432 nimis
1370 4365 1534 4455 eleganter

337 4471 535 4538 restituenda
558 4478 642 4538 sunt.
