3450 5382
343 372 407 438 126
860 389 1016 436 nostrus.

341 552 475 619 AetB
506 555 776 620 exstiterunt
807 551 972 617 demum
1002 573 1049 617 ex
1080 551 1281 617 Editione
1305 552 1539 638 Interpola-

340 661 466 736 toris,
498 679 574 724 non
606 679 651 723 ex
683 660 774 743 ipso
805 660 886 722 iam
912 657 1067 723 Donati
1091 663 1335 723 commento.
1369 657 1460 724 Haec
1484 677 1538 723 au·

341 771 408 830 tem
431 764 545 842 editio,
571 769 606 828 ut
630 763 806 830 identidem
831 764 1093 842 observavimus,
1119 763 1379 850 magistellorum
1409 785 1535 850 quoque

341 869 559 936 additamenta
582 871 710 936 tenebat
732 872 767 933 in
791 870 992 955 marginibus
1015 867 1069 934 vel
1092 872 1191 934 etiam
1214 873 1248 934 in
1273 875 1375 935 textu.

389 976 472 1042 Hinc
503 977 625 1041 factum
657 980 723 1053 eet,
754 980 792 1039 ut
822 982 855 1040 et
883 977 999 1041 horum
1032 976 1201 1040 hominum
1233 981 1265 1042 et
1297 975 1539 1060 interpolatoris

342 1102 437 1166 opera
467 1079 559 1146 nullo
591 1080 775 1145 discrimine
806 1083 839 1144 in
870 1086 1006 1166 utroque
1037 1081 1146 1145 ordine
1170 1080 1426 1166 deprehendatur
1448 1083 1541 1146 iuxta

342 1186 463 1252 scheba
492 1207 655 1272 germana.
692 1184 922 1253 confirmatam
953 1187 1077 1253 videbit
1108 1187 1190 1251 banc
1220 1186 1368 1273 regulam
1393 1189 1540 1272 quisquis

342 1292 462 1358 scholia
485 1295 551 1358 iam
574 1297 710 1357 tractata
734 1296 766 1357 et
789 1295 887 1357 etiarn
911 1291 1074 1357 tractanda
1098 1292 1138 1356 ad
1161 1313 1232 1358 eam
1257 1295 1411 1378 exegerit.

386 1397 466 1464 Ibid.
493 1397 535 1463 30
571 1395 688 1463 Getam
712 1417 805 1462 snam
830 1401 914 1464 sanis
939 1398 1156 1465 defensionem
1178 1400 1351 1463 iactantem
1370 1399 1423 1462 bic
1444 1400 1542 1463 inter-

343 1502 440 1590 pellat
464 1504 533 1568 his:

390 1609 457 1674 Ohe
482 1611 575 1692 [iam]
600 1607 725 1674 desinel

388 1717 432 1780 A:
456 1715 597 1800 Imponit
624 1715 790 1780 silentium
815 1712 933 1792 Getae,
958 1717 1050 1800 quasi
1074 1714 1229 1781 validiora
1253 1715 1398 1780 dicturus
1422 1717 1483 1792 sit,
1508 1720 1541 1780 et

343 1824 388 1887 sic
413 1826 444 1886 et
463 1843 558 1907 supra
579 1822 688 1899 „tace”
710 1821 792 1885 dixit
811 1841 907 1886 senex
927 1826 987 1901 (ve.
1009 1821 1077 1902 28).
1147 1821 1187 1886 B:
1213 1821 1283 1886 Hac
1302 1843 1379 1887 vcee
1399 1821 1541 1886 ostendit

344 1928 417 2013 plus
439 1930 525 1993 iusto
549 1949 606 2014 pro
631 1947 663 1992 se
688 1926 836 1992 locutum
861 1926 962 1992 videri
982 1926 1118 2004 Getam,
1139 1949 1214 1992 nam
1236 1927 1339 2004 „ohe”
1359 1930 1541 1993 interiectio

346 2039 394 2098 est
427 2036 607 2099 satietatem
639 2054 740 2117 usque
771 2033 811 2098 ad
842 2032 1008 2098 fastidium
1042 2033 1222 2119 designans.
1255 2033 1412 2098 Horatius
1437 2033 1485 2112 (S.
1510 2033 1542 2097 Π

346 2140 376 2204 5.
391 2139 447 2220 96)
472 2141 591 2217 „donec
617 2137 739 2218 „ohel”
764 2142 830 2204 iam
854 2139 894 2204 ad
917 2138 1044 2204 eaelum
1068 2140 1218 2204 manibus
1242 2138 1377 2204 sublatis
1403 2139 1542 2218 dixerit,

348 2245 459 2332 urge''.

392 2350 474 2415 Ecce
498 2353 580 2415 ratio
604 2353 760 2436 superiori
782 2371 911 2435 prorsus
934 2352 1108 2427 contraria,
1133 2372 1207 2416 eum
1230 2372 1314 2416 nunc
1337 2351 1366 2414 A
1390 2352 1543 2416 exhibeat

345 2456 488 2521 Editoris
511 2455 669 2522 scholium
694 2455 861 2522 aemulum
883 2456 1020 2522 Donatei
1043 2459 1076 2522 in
1096 2456 1133 2534 B,
1154 2459 1246 2522 cuius
1266 2456 1395 2522 attende
1414 2456 1543 2543 elegan-

345 2565 426 2627 tiam
456 2564 490 2626 in
521 2562 704 2628 definitione
734 2569 766 2628 et
797 2560 953 2647 exemplo.
985 2562 1055 2642 Quo
1084 2565 1155 2627 iure
1186 2569 1295 2628 autem
1326 2565 1360 2627 in
1388 2564 1417 2628 A
1442 2563 1544 2640 „vali-

346 2667 454 2732 diora”
476 2667 610 2744 dicatur,
634 2690 698 2733 non
718 2688 885 2753 assequor;
906 2674 1070 2752 exspectas
1091 2670 1218 2754 „magis
1238 2667 1341 2733 vana’'
1352 2689 1360 2747 ;
1381 2675 1415 2733 at
1434 2669 1542 2734 confer

345 2771 504 2838 scholium
527 2772 632 2854 330)
663 2774 762 2851 „Ais”
788 2773 925 2839 dicimus
949 2773 987 2838 de
1010 2774 1061 2838 his
1085 2776 1141 2859 qui
1167 2795 1248 2840 vana
1272 2773 1461 2859 loquuntur,
1488 2775 1542 2838 di-

347 2900 438 2945 cere
462 2886 570 2945 autem
595 2880 633 2945 de
655 2881 724 2959 his,
750 2883 806 2966 qui
829 2880 1001 2959 validiora,
1023 2917 1065 2929 —
1088 2879 1172 2944 unde
1195 2879 1253 2945 ud.
1274 2901 1387 2947 vocem
1406 2881 1542 2947 fortasse

348 2988 497 3071 sumpsit.

392 3091 442 3156 Ad
473 3092 559 3157 hunc
588 3113 689 3178 usque
714 3112 845 3158 versum
869 3093 965 3157 series
989 3092 1016 3156 B
1040 3091 1235 3157 scholiorum
1258 3113 1394 3157 numero
1419 3097 1452 3157 et
1475 3092 1543 3158 lon·

345 3197 493 3283 gitudine
523 3197 629 3263 multo
659 3198 852 3283 locupletior
881 3198 964 3275 fuit,
997 3197 1052 3262 sed
1083 3197 1157 3262 inde
1189 3218 1207 3263 a
1237 3219 1283 3264 vs.
1311 3196 1351 3262 31
1384 3196 1486 3264 altera
1514 3200 1544 3263 A

347 3308 482 3390 utroque
506 3307 636 3370 nomine
658 3310 798 3389 superat.

394 3410 441 3476 De
465 3409 595 3475 scholiis
619 3410 648 3474 A
670 3409 710 3475 ad
733 3430 779 3475 vs.
803 3407 946 3487 31-35,
968 3409 1025 3473 ubi
1046 3409 1073 3473 B
1093 3408 1199 3488 deest,
1219 3407 1302 3473 nihil
1321 3408 1543 3474 adnotandum

347 3524 396 3584 est
426 3521 552 3603 praeter
582 3515 741 3581 emblema
771 3518 920 3602 magistri
941 3522 998 3581 aut
1020 3514 1163 3580 Editoris
1185 3517 1220 3579 in
1244 3514 1287 3580 32
1301 3513 1349 3594 (2)
1373 3515 1482 3592 „Mihi
1505 3523 1544 3580 ut

346 3619 556 3708 respondeas”
589 3620 668 3685 bene
697 3621 822 3698 „mihi”
854 3625 967 3707 utpote
991 3622 1080 3706 patri
1099 3620 1321 3686 adulescentis.
1347 3656 1390 3670 -
1413 3620 1468 3687 vel
1492 3621 1544 3687 do-

347 3731 435 3794 mino
465 3724 583 3803 Getae,
615 3726 669 3791 vel
700 3730 799 3792 etiam
830 3729 908 3792 seni.
942 3764 984 3776 -
1016 3725 1153 3811 Reliqua
1183 3729 1217 3791 in
1246 3727 1297 3792 his
1327 3726 1458 3793 scholiis
1489 3749 1544 3814 ge

348 3838 447 3902 nuina
471 3838 555 3898 sunt.

393 3940 474 4007 Ibid.
500 3937 541 4004 35
578 3938 716 4004 Proinde
740 3941 901 4024 expiscere
925 3941 1016 4025 quasi
1039 3960 1101 4005 non
1125 3941 1210 4005 noris

393 4049 422 4112 A
456 4046 683 4131 Expiscari
714 4052 762 4110 est
794 4043 1042 4131 diligentissime
1076 4065 1245 4130 quaerere,
1276 4044 1409 4109 ubinam
1442 4048 1544 4131 pisces

346 4155 477 4220 lateant.
500 4189 542 4200 -
563 4151 650 4237 Ergo
672 4152 812 4216 tractum
832 4151 968 4216 verbum
988 4172 1006 4215 a
1024 4153 1246 4237 piscatoribus.
1312 4151 1339 4215 B
1360 4151 1543 4229 „Proinde”

347 4257 569 4326 similitudinis
600 4257 791 4323 adverbium
821 4256 916 4322 modo
944 4263 1010 4332 est,
1034 4278 1097 4322 non
1121 4259 1301 4323 coniunctio
1325 4262 1363 4321 ut
1387 4257 1543 4342 „proinde

348 4374 423 4432 tona
446 4362 589 4448 eloquio,
615 4362 747 4428 solitum
773 4362 855 4428 tibi''
880 4363 972 4442 (Aen.
997 4362 1046 4427 XI
1070 4362 1160 4445 383).

393 4471 523 4536 Praeter
553 4468 810 4534 additamentum
841 4471 982 4534 otiosum
1013 4491 1070 4557 per
1094 4492 1172 4552 erpo,
1194 4475 1369 4555 utrumque
1393 4468 1478 4535 redit
1503 4469 1542 4536 ad
