3450 5382
676 362 833 412 uourrns.
1289 347 1353 416 111

204 529 281 596 Post
311 533 433 594 rectam
466 527 585 594 Donati
614 530 911 615 interpretationem
935 528 1132 595 affirmanter
1155 533 1354 617 propositam

160 640 192 702 in
210 637 269 717 (3),
289 638 434 722 seqnitur
453 634 611 700 dubitatio
633 633 793 713 Editoris,
815 637 872 719 qui
891 635 1022 700 exhibet
1042 634 1121 700 alias
1141 658 1204 702 non
1224 637 1356 723 illepide

160 745 305 808 inventas
333 749 366 807 et
389 760 571 826 expressas3
597 745 686 805 amet
707 738 763 804 1116
790 739 1012 825 „expletivae”
1038 742 1230 826 particulas,
1255 750 1293 808 ut
1315 743 1355 808 ad

160 848 241 914 llun.
266 847 281 913 1
304 847 336 912 2.
352 846 417 912 124
429 845 488 928 (2),
520 845 552 910 II
577 845 607 910 3.
621 845 663 910 21
678 845 738 926 (2).
774 845 834 912 Sed
868 846 945 932 quid
977 848 1040 912 sibi
1070 846 1185 912 volunt
1215 849 1355 915 verbaa

161 953 379 1020 Wessnero
401 951 565 1018 inclinatis
587 951 707 1017 litteris
731 949 899 1037 expressa?
926 953 992 1017 Aut
1015 951 1110 1018 fallor
1133 957 1248 1019 autin
1271 975 1356 1019 mar-

32 1143 33 1150 *
160 1063 233 1146 gine
256 1061 374 1144 scripta
398 1062 487 1124 erant
510 1079 529 1122 a
551 1060 710 1144 magistro
734 1056 873 1143 quodam
896 1058 936 1123 ad
960 1079 996 1123 ea
1021 1079 1101 1143 quae
1125 1059 1237 1126 Editor
1260 1063 1356 1148 scrip-

161 1172 244 1232 serat
274 1166 312 1231 de
342 1164 442 1251 „qui”
467 1166 673 1250 pronomiue;
697 1184 813 1249 nempe
837 1169 922 1229 recte
945 1166 1104 1249 magister
1126 1165 1305 1246 intellexit,
1330 1169 1358 1232 si

163 1271 260 1358 „qui”
291 1291 465 1358 pronomen
497 1273 557 1348 sit,
589 1273 742 1356 coniungi
773 1291 864 1355 posse
897 1290 955 1354 pro
988 1271 1130 1337 subiecto
1153 1293 1227 1337 cum
1251 1274 1358 1338 verbis

161 1379 240 1456 „hoc
334 1376 557 1454 dedit'','hinc
580 1375 763 1461 adscripsit:
790 1379 921 1462 „pergit
944 1382 1065 1456 autem,
1090 1383 1178 1452 (cum
1202 1401 1266 1445 non
1290 1400 1357 1444 am-

162 1483 246 1570 plius
278 1484 471 1563 cohorreret)
502 1503 558 1568 per
590 1482 660 1547 hc.
675 1504 704 1568 q.
719 1481 817 1546 d.d.''
844 1520 886 1531 -
912 1479 1112 1567 Gompilator
1134 1485 1212 1550 haec
1235 1487 1357 1551 iniusto

161 1589 229 1655 loco
260 1591 406 1656 inscruit.
438 1588 545 1653 Etiam
571 1609 666 1674 supra
689 1587 836 1678 exempla
860 1588 1034 1653 habuimus
1058 1590 1245 1656 huiusmodi
1268 1598 1356 1657 nota-

160 1718 232 1762 rum
258 1695 491 1782 marginalium
514 1697 549 1758 in
572 1693 723 1759 diditione
744 1692 955 1780 interpolate,
981 1715 1043 1779 qua
1067 1692 1268 1781 Oompilator
1290 1704 1358 1763 ute-

163 1803 265 1868 batur.

205 1909 286 1974 Ibid.
312 1906 356 1972 84
390 1905 568 1972 Iocularem
593 1900 778 1971 audaciam!

206 2015 287 2080 Don.
319 2013 368 2094 (2)
400 2014 544 2090 Eiacvrte
577 2011 649 2075 κατ’
678 2013 874 2091 averciaco,
897 2012 957 2077 hcc
981 2018 1031 2076 est
1054 2015 1226 2079 minime
1250 2016 1359 2079 iocu-

163 2121 303 2187 larem.
390 2117 448 2184 Eld.
479 2117 528 2200 (3)
558 2119 608 2183 An
641 2138 722 2204 quae
756 2138 795 2182 ex
830 2116 907 2183 ludo
942 2125 975 2182 et
1009 2121 1077 2184 ioco
1112 2121 1146 2183 in
1177 2119 1358 2204 periculum

163 2224 291 2294 veniat?
1148 2292 1150 2298 ,

206 2333 295 2398 Η666
325 2353 387 2398 non
420 2328 563 2395 multum
586 2329 754 2406 differunt,
780 2332 807 2395 si
830 2329 950 2396 Donati
972 2331 1172 2416 periphrasin
1197 2335 1242 2398 sic
1264 2333 1359 2398 intel·
1435 2319 1437 2325 ¹

162 2439 316 2526 ligimus:
348 2436 515 2501 audaciam
546 2438 680 2514 seriam,
711 2435 935 2520 periculosam.
969 2435 1011 2500 llt
1041 2436 1101 2502 hoc
1125 2438 1286 2525 significat
1309 2460 1360 2503 ex·

163 2545 329 2623 clamatio,
354 2548 392 2607 ut
414 2547 594 2608 monstrant
618 2544 763 2626 proxima
787 2540 871 2607 Davi
896 2541 1010 2607 verba:
1037 2542 1084 2619 „0
1109 2541 1207 2621 Geta,
1230 2544 1307 2629 quid
1327 2552 1358 2610 te

163 2652 311 2717 futurum
343 2645 431 2714 estl''
463 2647 630 2713 Sloman
662 2649 770 2712 minus
801 2652 903 2713 recte:
936 2646 1230 2735 „Whatamusing
1252 2653 1359 2736 impu·

163 2754 299 2824 dencel”

206 2861 287 2928 Ibid.
313 2860 357 2926 92
392 2858 543 2927 (letarum
566 2860 699 2945 posthac
722 2862 750 2925 si
774 2862 964 2946 quicquam,
988 2859 1035 2925 nil
1058 2882 1169 2946 precor

205 2970 288 3035 Don.
313 2967 361 3047 (1)
385 2966 492 3032 Facile
516 2969 703 3052 improbat,
729 2969 785 3052 qui
804 2989 867 3032 non
886 2969 994 3032 omnia
1014 2973 1192 3053 extorquet.
1214 3004 1257 3016 -
1277 2969 1358 3052 Ilrpo

162 3099 212 3141 ora
224 3074 403 3159 precatorio
422 3081 465 3137 eat
483 3073 820 3154 mittpcreproecentia,
833 3074 954 3158 futuro
962 3073 1145 3156 permittere.
1171 3110 1214 3123 -
1239 3073 1286 3153 (3)
1301 3072 1359 3151 „Si

163 3180 357 3267 quicquam''
391 3183 428 3243 ut
458 3178 559 3256 solet,
591 3176 755 3263 eleganter
784 3200 842 3264 per
867 3179 1016 3258 ἔλλειψιν.
1053 3217 1096 3228 -
1131 3179 1179 3259 (4)
1203 3185 1237 3244 et
1259 3179 1359 3245 simul

162 3308 222 3353 non
252 3288 281 3350 si
312 3272 561 3350 tantundem
596 3286 794 3368 peccaverim
827 3284 883 3350 sed
906 3287 934 3350 si
957 3283 1025 3351 vel
1047 3287 1288 3362 minimum,
1313 3323 1356 3336 -

162 3393 225 3459 tale
248 3398 298 3459 est
320 3390 404 3457 illud
427 3393 477 3469 „si
499 3411 625 3456 sensero
647 3389 741 3455 hodie
765 3393 937 3476 quicquam
962 3393 996 3455 in
1021 3392 1072 3456 his
1095 3396 1127 3456 te
1150 3393 1273 3476 nuptiis
1297 3390 1357 3457 fal·

160 3499 260 3565 laciae
291 3498 431 3575 conari’,
463 3503 496 3562 et
521 3499 570 3575 „si
602 3499 774 3583 quicquam
806 3499 952 3563 invenies
982 3518 1035 3564 me
1058 3500 1252 3576 mentitum,
1277 3500 1358 3563 occi·

162 3605 250 3672 dito’'
283 3603 396 3686 (Andr.
424 3603 499 3668 196.
524 3602 615 3685 863).
686 3601 734 3684 (5)
760 3602 894 3680 „Nihil”
918 3625 976 3689 pro
1000 3626 1089 3670 non.
1116 3641 1158 3653 -
1186 3604 1358 3686 Sed'pteao

162 3712 280 3795 negotio
305 3717 349 3775 eat
373 3710 508 3788 „erite't''.
1067 3779 1069 3784 ,

206 3817 434 3884 Additamento
455 3837 512 3902 per
531 3838 599 3898 erpo
618 3818 652 3880 in
673 3816 721 3897 (1)
741 3821 774 3881 et
796 3817 849 3880 aed
866 3818 901 3880 in
919 3816 968 3898 (5)
984 3819 1051 3882 iam
1071 3817 1357 3884 notavitWessn.

163 3923 234 4011 ligo
270 3923 353 3989 addo
381 3920 540 3988 emblema
570 3943 626 4007 per
656 3928 685 3986 et
713 3922 806 3988 simut
833 3924 868 3987 in
898 3921 957 4003 (4),
988 3922 1072 4008 quod
1103 3927 1131 3988 si
1161 3921 1358 4000 eliminatur,

162 4034 301 4118 emergit
325 4050 427 4094 unum
451 4028 611 4094 scholium
635 4030 826 4105 continuum
849 4027 948 4108 (3)-1-
961 4028 1018 4111 (4).

207 4246 222 4312 1
246 4247 278 4313 3.
292 4245 325 4311 8.
361 4246 451 4310 Aut.
484 4246 527 4310 At
557 4229 620 4310 uon
651 4244 810 4311 cotidiana
841 4266 917 4310 eura
940 4247 1018 4312 haec
1043 4251 1175 4333 angeret
1197 4248 1358 4312 animum.

163 4353 228 4418 Ph.
261 4351 368 4417 Audio
459 4350 508 4430 (2)
538 4349 687 4428 „Audio”
719 4351 957 4451 perciperetur
981 4351 1359 4418 diciturmodoacon-

163 4462 325 4523 temnente
366 4454 491 4520 dictum
526 4455 731 4541 Antiphonis.
811 4455 859 4537 (3)
891 4455 1007 4523 Omnia
1041 4457 1164 4523 deridet
1198 4454 1360 4523 Phaedria
